price,quantity,type,timestamp
37216000,1.292,0,2023-05-08 21:08:23
37214000,0.0566,0,2023-05-08 21:08:23
37212000,0.04,0,2023-05-08 21:08:23
37210000,0.0961,0,2023-05-08 21:08:23
37208000,0.036,0,2023-05-08 21:08:23
37217000,0.1381,1,2023-05-08 21:08:23
37228000,0.0887,1,2023-05-08 21:08:23
37229000,0.0541,1,2023-05-08 21:08:23
37230000,0.0154,1,2023-05-08 21:08:23
37231000,0.0882,1,2023-05-08 21:08:23
price,quantity,type,timestamp
37216000,0.072,0,2023-05-08 21:08:24
37214000,0.0566,0,2023-05-08 21:08:24
37212000,0.04,0,2023-05-08 21:08:24
37210000,0.0961,0,2023-05-08 21:08:24
37208000,0.036,0,2023-05-08 21:08:24
37217000,0.1072,1,2023-05-08 21:08:24
37228000,0.0887,1,2023-05-08 21:08:24
37229000,0.0541,1,2023-05-08 21:08:24
37230000,0.0154,1,2023-05-08 21:08:24
37231000,0.0882,1,2023-05-08 21:08:24
price,quantity,type,timestamp
37216000,0.072,0,2023-05-08 21:08:26
37214000,0.0566,0,2023-05-08 21:08:26
37212000,0.04,0,2023-05-08 21:08:26
37210000,0.0961,0,2023-05-08 21:08:26
37208000,0.036,0,2023-05-08 21:08:26
37217000,0.1072,1,2023-05-08 21:08:26
37228000,0.0887,1,2023-05-08 21:08:26
37229000,0.0541,1,2023-05-08 21:08:26
37230000,0.0154,1,2023-05-08 21:08:26
37231000,0.0882,1,2023-05-08 21:08:26
price,quantity,type,timestamp
37216000,0.072,0,2023-05-08 21:08:27
37214000,0.0566,0,2023-05-08 21:08:27
37213000,0.0861,0,2023-05-08 21:08:27
37212000,0.04,0,2023-05-08 21:08:27
37210000,0.0961,0,2023-05-08 21:08:27
37217000,0.1072,1,2023-05-08 21:08:27
37228000,0.0887,1,2023-05-08 21:08:27
37229000,0.0541,1,2023-05-08 21:08:27
37230000,0.0154,1,2023-05-08 21:08:27
37231000,0.0882,1,2023-05-08 21:08:27
price,quantity,type,timestamp
37216000,0.072,0,2023-05-08 21:08:29
37214000,0.0566,0,2023-05-08 21:08:29
37212000,0.04,0,2023-05-08 21:08:29
37210000,0.0961,0,2023-05-08 21:08:29
37208000,0.036,0,2023-05-08 21:08:29
37217000,0.1072,1,2023-05-08 21:08:29
37228000,0.0887,1,2023-05-08 21:08:29
37229000,0.0541,1,2023-05-08 21:08:29
37230000,0.0154,1,2023-05-08 21:08:29
37231000,0.0882,1,2023-05-08 21:08:29
price,quantity,type,timestamp
37216000,0.072,0,2023-05-08 21:08:30
37214000,0.0566,0,2023-05-08 21:08:30
37212000,0.04,0,2023-05-08 21:08:30
37210000,0.0961,0,2023-05-08 21:08:30
37208000,0.036,0,2023-05-08 21:08:30
37217000,0.1072,1,2023-05-08 21:08:30
37228000,0.0887,1,2023-05-08 21:08:30
37229000,0.0541,1,2023-05-08 21:08:30
37230000,0.0154,1,2023-05-08 21:08:30
37231000,0.0882,1,2023-05-08 21:08:30
price,quantity,type,timestamp
37219000,0.1,0,2023-05-08 21:08:32
37216000,0.0597,0,2023-05-08 21:08:32
37214000,0.0566,0,2023-05-08 21:08:32
37212000,0.04,0,2023-05-08 21:08:32
37210000,0.0961,0,2023-05-08 21:08:32
37228000,0.0887,1,2023-05-08 21:08:32
37229000,0.0541,1,2023-05-08 21:08:32
37230000,0.0154,1,2023-05-08 21:08:32
37231000,0.0882,1,2023-05-08 21:08:32
37233000,0.056,1,2023-05-08 21:08:32
price,quantity,type,timestamp
37216000,0.0985,0,2023-05-08 21:08:33
37215000,0.0877,0,2023-05-08 21:08:33
37214000,0.0566,0,2023-05-08 21:08:33
37213000,0.0861,0,2023-05-08 21:08:33
37212000,0.04,0,2023-05-08 21:08:33
37229000,0.0541,1,2023-05-08 21:08:33
37230000,0.0154,1,2023-05-08 21:08:33
37231000,0.0882,1,2023-05-08 21:08:33
37233000,0.056,1,2023-05-08 21:08:33
37234000,0.1493,1,2023-05-08 21:08:33
price,quantity,type,timestamp
37216000,0.0985,0,2023-05-08 21:08:34
37215000,0.0877,0,2023-05-08 21:08:34
37214000,0.0566,0,2023-05-08 21:08:34
37213000,0.0861,0,2023-05-08 21:08:34
37210000,0.0961,0,2023-05-08 21:08:34
37229000,0.0052,1,2023-05-08 21:08:34
37230000,0.0154,1,2023-05-08 21:08:34
37233000,0.056,1,2023-05-08 21:08:34
37234000,0.1493,1,2023-05-08 21:08:34
37235000,0.0649,1,2023-05-08 21:08:34
price,quantity,type,timestamp
37218000,0.0082,0,2023-05-08 21:08:36
37216000,0.0985,0,2023-05-08 21:08:36
37215000,0.0877,0,2023-05-08 21:08:36
37214000,0.0566,0,2023-05-08 21:08:36
37213000,0.0861,0,2023-05-08 21:08:36
37229000,0.0052,1,2023-05-08 21:08:36
37230000,0.0154,1,2023-05-08 21:08:36
37233000,0.056,1,2023-05-08 21:08:36
37234000,0.1493,1,2023-05-08 21:08:36
37235000,0.0649,1,2023-05-08 21:08:36
price,quantity,type,timestamp
37218000,0.0082,0,2023-05-08 21:08:37
37216000,0.1119,0,2023-05-08 21:08:37
37215000,0.0877,0,2023-05-08 21:08:37
37214000,0.0566,0,2023-05-08 21:08:37
37213000,0.0861,0,2023-05-08 21:08:37
37229000,0.0052,1,2023-05-08 21:08:37
37230000,0.0154,1,2023-05-08 21:08:37
37233000,0.056,1,2023-05-08 21:08:37
37234000,0.1493,1,2023-05-08 21:08:37
37235000,0.0649,1,2023-05-08 21:08:37
price,quantity,type,timestamp
37218000,0.0082,0,2023-05-08 21:08:38
37216000,0.1119,0,2023-05-08 21:08:38
37215000,0.0877,0,2023-05-08 21:08:38
37214000,0.0566,0,2023-05-08 21:08:38
37213000,0.0861,0,2023-05-08 21:08:38
37229000,0.0052,1,2023-05-08 21:08:38
37230000,0.0154,1,2023-05-08 21:08:38
37233000,0.056,1,2023-05-08 21:08:38
37234000,0.1493,1,2023-05-08 21:08:38
37235000,0.0649,1,2023-05-08 21:08:38
price,quantity,type,timestamp
37218000,0.0082,0,2023-05-08 21:08:40
37216000,0.1119,0,2023-05-08 21:08:40
37215000,0.0877,0,2023-05-08 21:08:40
37214000,0.0566,0,2023-05-08 21:08:40
37213000,0.0861,0,2023-05-08 21:08:40
37229000,0.0052,1,2023-05-08 21:08:40
37230000,0.0154,1,2023-05-08 21:08:40
37233000,0.056,1,2023-05-08 21:08:40
37234000,0.1493,1,2023-05-08 21:08:40
37235000,0.0649,1,2023-05-08 21:08:40
price,quantity,type,timestamp
37218000,0.0216,0,2023-05-08 21:08:41
37216000,1.4039,0,2023-05-08 21:08:41
37215000,0.0877,0,2023-05-08 21:08:41
37214000,0.0566,0,2023-05-08 21:08:41
37213000,1.3781,0,2023-05-08 21:08:41
37229000,0.0052,1,2023-05-08 21:08:41
37230000,0.0154,1,2023-05-08 21:08:41
37233000,0.056,1,2023-05-08 21:08:41
37234000,0.1493,1,2023-05-08 21:08:41
37235000,0.0649,1,2023-05-08 21:08:41
price,quantity,type,timestamp
37218000,0.0216,0,2023-05-08 21:08:42
37216000,1.4039,0,2023-05-08 21:08:42
37215000,0.0877,0,2023-05-08 21:08:42
37214000,0.0566,0,2023-05-08 21:08:42
37213000,1.3781,0,2023-05-08 21:08:42
37229000,0.0052,1,2023-05-08 21:08:42
37230000,0.0154,1,2023-05-08 21:08:42
37233000,0.056,1,2023-05-08 21:08:42
37234000,0.1493,1,2023-05-08 21:08:42
37235000,0.0649,1,2023-05-08 21:08:42
price,quantity,type,timestamp
37219000,0.0399,0,2023-05-08 21:08:44
37218000,0.1048,0,2023-05-08 21:08:44
37216000,1.3651,0,2023-05-08 21:08:44
37215000,0.0877,0,2023-05-08 21:08:44
37214000,0.0566,0,2023-05-08 21:08:44
37233000,0.056,1,2023-05-08 21:08:44
37235000,0.0085,1,2023-05-08 21:08:44
37237000,0.0478,1,2023-05-08 21:08:44
37238000,0.0512,1,2023-05-08 21:08:44
37239000,0.1021,1,2023-05-08 21:08:44
price,quantity,type,timestamp
37219000,0.0399,0,2023-05-08 21:08:45
37218000,0.1048,0,2023-05-08 21:08:45
37216000,1.3651,0,2023-05-08 21:08:45
37215000,0.0877,0,2023-05-08 21:08:45
37214000,0.0566,0,2023-05-08 21:08:45
37233000,0.056,1,2023-05-08 21:08:45
37235000,0.0085,1,2023-05-08 21:08:45
37237000,0.1117,1,2023-05-08 21:08:45
37238000,0.0512,1,2023-05-08 21:08:45
37239000,0.1021,1,2023-05-08 21:08:45
price,quantity,type,timestamp
37225000,0.0018,0,2023-05-08 21:08:46
37222000,0.094,0,2023-05-08 21:08:46
37219000,0.0399,0,2023-05-08 21:08:46
37218000,0.1048,0,2023-05-08 21:08:46
37216000,1.3651,0,2023-05-08 21:08:46
37233000,0.056,1,2023-05-08 21:08:46
37235000,0.0085,1,2023-05-08 21:08:46
37236000,0.0842,1,2023-05-08 21:08:46
37237000,0.0478,1,2023-05-08 21:08:46
37238000,0.0512,1,2023-05-08 21:08:46
price,quantity,type,timestamp
37225000,0.0018,0,2023-05-08 21:08:48
37222000,0.094,0,2023-05-08 21:08:48
37219000,0.0399,0,2023-05-08 21:08:48
37218000,0.1048,0,2023-05-08 21:08:48
37216000,1.3651,0,2023-05-08 21:08:48
37233000,0.056,1,2023-05-08 21:08:48
37235000,0.0085,1,2023-05-08 21:08:48
37236000,0.0842,1,2023-05-08 21:08:48
37237000,0.0478,1,2023-05-08 21:08:48
37238000,0.0512,1,2023-05-08 21:08:48
price,quantity,type,timestamp
37225000,0.0018,0,2023-05-08 21:08:49
37222000,0.094,0,2023-05-08 21:08:49
37219000,0.0399,0,2023-05-08 21:08:49
37218000,0.1048,0,2023-05-08 21:08:49
37216000,1.3651,0,2023-05-08 21:08:49
37233000,0.056,1,2023-05-08 21:08:49
37235000,0.0085,1,2023-05-08 21:08:49
37236000,0.0842,1,2023-05-08 21:08:49
37237000,0.0478,1,2023-05-08 21:08:49
37238000,0.0512,1,2023-05-08 21:08:49
price,quantity,type,timestamp
37218000,0.1048,0,2023-05-08 21:08:50
37216000,1.3651,0,2023-05-08 21:08:50
37215000,0.0877,0,2023-05-08 21:08:50
37214000,0.0566,0,2023-05-08 21:08:50
37213000,1.9147,0,2023-05-08 21:08:50
37235000,0.0085,1,2023-05-08 21:08:50
37236000,0.0842,1,2023-05-08 21:08:50
37237000,0.0478,1,2023-05-08 21:08:50
37238000,0.0512,1,2023-05-08 21:08:50
37239000,0.1021,1,2023-05-08 21:08:50
price,quantity,type,timestamp
37227000,0.124,0,2023-05-08 21:09:02
37225000,0.0056,0,2023-05-08 21:09:02
37224000,1.3798,0,2023-05-08 21:09:02
37222000,0.0525,0,2023-05-08 21:09:02
37221000,0.0838,0,2023-05-08 21:09:02
37238000,0.0441,1,2023-05-08 21:09:02
37239000,0.0157,1,2023-05-08 21:09:02
37241000,0.0555,1,2023-05-08 21:09:02
37243000,0.0056,1,2023-05-08 21:09:02
37244000,0.0568,1,2023-05-08 21:09:02
price,quantity,type,timestamp
37227000,0.124,0,2023-05-08 21:09:03
37225000,0.0056,0,2023-05-08 21:09:03
37224000,1.3798,0,2023-05-08 21:09:03
37222000,0.0525,0,2023-05-08 21:09:03
37221000,0.0838,0,2023-05-08 21:09:03
37238000,0.0195,1,2023-05-08 21:09:03
37239000,0.0157,1,2023-05-08 21:09:03
37241000,0.0555,1,2023-05-08 21:09:03
37243000,0.0056,1,2023-05-08 21:09:03
37244000,0.0568,1,2023-05-08 21:09:03
price,quantity,type,timestamp
37232000,0.0387,0,2023-05-08 21:09:04
37231000,0.0483,0,2023-05-08 21:09:04
37229000,0.1289,0,2023-05-08 21:09:04
37227000,0.0847,0,2023-05-08 21:09:04
37226000,1.3421,0,2023-05-08 21:09:04
37247000,0.0839,1,2023-05-08 21:09:04
37248000,0.0475,1,2023-05-08 21:09:04
37249000,0.0577,1,2023-05-08 21:09:04
37251000,0.1011,1,2023-05-08 21:09:04
37252000,0.0153,1,2023-05-08 21:09:04
price,quantity,type,timestamp
37232000,0.0387,0,2023-05-08 21:09:06
37231000,0.0483,0,2023-05-08 21:09:06
37229000,0.0897,0,2023-05-08 21:09:06
37227000,0.0847,0,2023-05-08 21:09:06
37226000,1.3421,0,2023-05-08 21:09:06
37247000,0.0839,1,2023-05-08 21:09:06
37248000,0.0475,1,2023-05-08 21:09:06
37249000,0.0577,1,2023-05-08 21:09:06
37250000,0.0047,1,2023-05-08 21:09:06
37251000,0.1011,1,2023-05-08 21:09:06
price,quantity,type,timestamp
37247000,0.0214,0,2023-05-08 21:09:07
37245000,0.0381,0,2023-05-08 21:09:07
37238000,0.086,0,2023-05-08 21:09:07
37234000,0.1386,0,2023-05-08 21:09:07
37233000,0.0399,0,2023-05-08 21:09:07
37251000,0.011,1,2023-05-08 21:09:07
37252000,0.0153,1,2023-05-08 21:09:07
37254000,0.053,1,2023-05-08 21:09:07
37255000,0.0836,1,2023-05-08 21:09:07
37256000,0.0421,1,2023-05-08 21:09:07
price,quantity,type,timestamp
37245000,0.0394,0,2023-05-08 21:09:08
37241000,0.0385,0,2023-05-08 21:09:08
37238000,0.0397,0,2023-05-08 21:09:08
37237000,1.292,0,2023-05-08 21:09:08
37234000,0.1295,0,2023-05-08 21:09:08
37250000,0.085,1,2023-05-08 21:09:08
37251000,0.011,1,2023-05-08 21:09:08
37252000,0.0153,1,2023-05-08 21:09:08
37254000,0.053,1,2023-05-08 21:09:08
37255000,0.0836,1,2023-05-08 21:09:08
price,quantity,type,timestamp
37238000,0.0842,0,2023-05-08 21:09:10
37237000,1.292,0,2023-05-08 21:09:10
37234000,0.1295,0,2023-05-08 21:09:10
37231000,0.1381,0,2023-05-08 21:09:10
37229000,0.0897,0,2023-05-08 21:09:10
37248000,0.039,1,2023-05-08 21:09:10
37251000,0.011,1,2023-05-08 21:09:10
37252000,0.1021,1,2023-05-08 21:09:10
37254000,0.053,1,2023-05-08 21:09:10
37255000,0.0836,1,2023-05-08 21:09:10
price,quantity,type,timestamp
37238000,0.0842,0,2023-05-08 21:09:11
37237000,1.292,0,2023-05-08 21:09:11
37234000,0.1295,0,2023-05-08 21:09:11
37231000,0.1381,0,2023-05-08 21:09:11
37229000,0.0897,0,2023-05-08 21:09:11
37248000,0.039,1,2023-05-08 21:09:11
37251000,0.011,1,2023-05-08 21:09:11
37252000,0.1021,1,2023-05-08 21:09:11
37254000,0.053,1,2023-05-08 21:09:11
37255000,0.0836,1,2023-05-08 21:09:11
price,quantity,type,timestamp
37238000,0.0135,0,2023-05-08 21:09:12
37237000,0.0153,0,2023-05-08 21:09:12
37234000,0.045,0,2023-05-08 21:09:12
37231000,0.1381,0,2023-05-08 21:09:12
37230000,1.3317,0,2023-05-08 21:09:12
37248000,0.0872,1,2023-05-08 21:09:12
37250000,0.0054,1,2023-05-08 21:09:12
37251000,0.011,1,2023-05-08 21:09:12
37252000,0.1597,1,2023-05-08 21:09:12
37254000,0.053,1,2023-05-08 21:09:12
price,quantity,type,timestamp
37238000,0.0135,0,2023-05-08 21:09:14
37237000,0.0153,0,2023-05-08 21:09:14
37234000,0.045,0,2023-05-08 21:09:14
37231000,0.1381,0,2023-05-08 21:09:14
37230000,1.3317,0,2023-05-08 21:09:14
37248000,0.0872,1,2023-05-08 21:09:14
37250000,0.0054,1,2023-05-08 21:09:14
37251000,0.011,1,2023-05-08 21:09:14
37252000,0.1597,1,2023-05-08 21:09:14
37254000,0.053,1,2023-05-08 21:09:14
price,quantity,type,timestamp
37238000,0.0135,0,2023-05-08 21:09:15
37237000,0.0153,0,2023-05-08 21:09:15
37235000,0.0874,0,2023-05-08 21:09:15
37234000,0.045,0,2023-05-08 21:09:15
37231000,0.1381,0,2023-05-08 21:09:15
37250000,0.0054,1,2023-05-08 21:09:15
37251000,0.011,1,2023-05-08 21:09:15
37252000,0.1597,1,2023-05-08 21:09:15
37254000,0.053,1,2023-05-08 21:09:15
37255000,0.0836,1,2023-05-08 21:09:15
price,quantity,type,timestamp
37239000,0.1353,0,2023-05-08 21:09:16
37238000,0.0288,0,2023-05-08 21:09:16
37237000,0.0153,0,2023-05-08 21:09:16
37235000,0.0874,0,2023-05-08 21:09:16
37234000,0.0846,0,2023-05-08 21:09:16
37250000,0.0054,1,2023-05-08 21:09:16
37251000,0.011,1,2023-05-08 21:09:16
37252000,0.0081,1,2023-05-08 21:09:16
37253000,0.0158,1,2023-05-08 21:09:16
37255000,0.0836,1,2023-05-08 21:09:16
price,quantity,type,timestamp
37239000,0.1353,0,2023-05-08 21:09:18
37238000,0.029,0,2023-05-08 21:09:18
37237000,0.0153,0,2023-05-08 21:09:18
37235000,0.0874,0,2023-05-08 21:09:18
37234000,0.0846,0,2023-05-08 21:09:18
37250000,0.0054,1,2023-05-08 21:09:18
37251000,0.011,1,2023-05-08 21:09:18
37253000,0.0158,1,2023-05-08 21:09:18
37255000,0.0836,1,2023-05-08 21:09:18
37256000,0.0421,1,2023-05-08 21:09:18
price,quantity,type,timestamp
37239000,0.1353,0,2023-05-08 21:09:19
37238000,0.029,0,2023-05-08 21:09:19
37237000,0.0153,0,2023-05-08 21:09:19
37235000,0.0874,0,2023-05-08 21:09:19
37234000,0.0846,0,2023-05-08 21:09:19
37250000,0.0054,1,2023-05-08 21:09:19
37251000,0.011,1,2023-05-08 21:09:19
37253000,0.0158,1,2023-05-08 21:09:19
37255000,0.0836,1,2023-05-08 21:09:19
37256000,0.0421,1,2023-05-08 21:09:19
price,quantity,type,timestamp
37241000,0.0898,0,2023-05-08 21:09:20
37240000,0.0388,0,2023-05-08 21:09:20
37239000,0.1353,0,2023-05-08 21:09:20
37238000,0.0338,0,2023-05-08 21:09:20
37237000,0.0153,0,2023-05-08 21:09:20
37256000,0.0421,1,2023-05-08 21:09:20
37258000,0.1185,1,2023-05-08 21:09:20
37259000,0.0901,1,2023-05-08 21:09:20
37260000,0.0079,1,2023-05-08 21:09:20
37261000,0.0479,1,2023-05-08 21:09:20
price,quantity,type,timestamp
37241000,0.0898,0,2023-05-08 21:09:22
37240000,0.0388,0,2023-05-08 21:09:22
37239000,0.1353,0,2023-05-08 21:09:22
37238000,0.0338,0,2023-05-08 21:09:22
37237000,0.0153,0,2023-05-08 21:09:22
37256000,0.0421,1,2023-05-08 21:09:22
37258000,0.1185,1,2023-05-08 21:09:22
37259000,0.0901,1,2023-05-08 21:09:22
37260000,0.0079,1,2023-05-08 21:09:22
37261000,0.0479,1,2023-05-08 21:09:22
price,quantity,type,timestamp
37245000,0.105,0,2023-05-08 21:09:23
37243000,0.0825,0,2023-05-08 21:09:23
37242000,0.0898,0,2023-05-08 21:09:23
37241000,0.0898,0,2023-05-08 21:09:23
37239000,0.1353,0,2023-05-08 21:09:23
37258000,0.1185,1,2023-05-08 21:09:23
37259000,0.0057,1,2023-05-08 21:09:23
37260000,0.0079,1,2023-05-08 21:09:23
37261000,0.1338,1,2023-05-08 21:09:23
37263000,0.0502,1,2023-05-08 21:09:23
price,quantity,type,timestamp
37245000,0.0161,0,2023-05-08 21:09:25
37243000,0.0426,0,2023-05-08 21:09:25
37242000,0.0898,0,2023-05-08 21:09:25
37241000,1.292,0,2023-05-08 21:09:25
37239000,0.1353,0,2023-05-08 21:09:25
37257000,0.0894,1,2023-05-08 21:09:25
37258000,0.1185,1,2023-05-08 21:09:25
37259000,0.0057,1,2023-05-08 21:09:25
37260000,0.0079,1,2023-05-08 21:09:25
37261000,0.1338,1,2023-05-08 21:09:25
price,quantity,type,timestamp
37245000,0.0161,0,2023-05-08 21:09:26
37243000,0.0426,0,2023-05-08 21:09:26
37242000,0.0898,0,2023-05-08 21:09:26
37241000,1.292,0,2023-05-08 21:09:26
37239000,0.1353,0,2023-05-08 21:09:26
37257000,0.0894,1,2023-05-08 21:09:26
37258000,0.0567,1,2023-05-08 21:09:26
37259000,0.0057,1,2023-05-08 21:09:26
37260000,0.0079,1,2023-05-08 21:09:26
37261000,0.1338,1,2023-05-08 21:09:26
price,quantity,type,timestamp
37230000,1.292,0,2023-05-08 21:09:27
37226000,0.0421,0,2023-05-08 21:09:27
37225000,0.0947,0,2023-05-08 21:09:27
37222000,0.5891,0,2023-05-08 21:09:27
37220000,0.1052,0,2023-05-08 21:09:27
37235000,0.0153,1,2023-05-08 21:09:27
37238000,0.0321,1,2023-05-08 21:09:27
37239000,0.0132,1,2023-05-08 21:09:27
37241000,0.0831,1,2023-05-08 21:09:27
37242000,0.0086,1,2023-05-08 21:09:27
price,quantity,type,timestamp
37226000,0.0421,0,2023-05-08 21:09:29
37225000,0.0947,0,2023-05-08 21:09:29
37222000,0.5891,0,2023-05-08 21:09:29
37221000,1.292,0,2023-05-08 21:09:29
37220000,0.1052,0,2023-05-08 21:09:29
37238000,0.0321,1,2023-05-08 21:09:29
37239000,0.0132,1,2023-05-08 21:09:29
37240000,0.0628,1,2023-05-08 21:09:29
37241000,0.0831,1,2023-05-08 21:09:29
37242000,0.0476,1,2023-05-08 21:09:29
price,quantity,type,timestamp
37225000,0.0893,0,2023-05-08 21:09:30
37222000,0.0525,0,2023-05-08 21:09:30
37221000,1.292,0,2023-05-08 21:09:30
37220000,0.6263,0,2023-05-08 21:09:30
37218000,0.0134,0,2023-05-08 21:09:30
37227000,0.0001,1,2023-05-08 21:09:30
37237000,0.0646,1,2023-05-08 21:09:30
37238000,0.1201,1,2023-05-08 21:09:30
37239000,0.0132,1,2023-05-08 21:09:30
37240000,0.0628,1,2023-05-08 21:09:30
price,quantity,type,timestamp
37225000,0.0893,0,2023-05-08 21:09:31
37222000,0.0605,0,2023-05-08 21:09:31
37220000,0.6655,0,2023-05-08 21:09:31
37218000,0.0185,0,2023-05-08 21:09:31
37217000,0.0407,0,2023-05-08 21:09:31
37238000,0.1201,1,2023-05-08 21:09:31
37239000,0.0132,1,2023-05-08 21:09:31
37240000,0.0628,1,2023-05-08 21:09:31
37241000,0.0831,1,2023-05-08 21:09:31
37242000,0.039,1,2023-05-08 21:09:31
price,quantity,type,timestamp
37225000,0.0893,0,2023-05-08 21:09:33
37222000,0.0605,0,2023-05-08 21:09:33
37220000,0.6655,0,2023-05-08 21:09:33
37218000,0.0185,0,2023-05-08 21:09:33
37217000,0.0407,0,2023-05-08 21:09:33
37238000,0.0321,1,2023-05-08 21:09:33
37239000,0.0132,1,2023-05-08 21:09:33
37240000,0.0628,1,2023-05-08 21:09:33
37241000,0.0831,1,2023-05-08 21:09:33
37244000,0.0893,1,2023-05-08 21:09:33
price,quantity,type,timestamp
37229000,0.0568,0,2023-05-08 21:09:34
37227000,0.0872,0,2023-05-08 21:09:34
37225000,0.0893,0,2023-05-08 21:09:34
37223000,0.0396,0,2023-05-08 21:09:34
37222000,0.5969,0,2023-05-08 21:09:34
37238000,0.0321,1,2023-05-08 21:09:34
37239000,0.0132,1,2023-05-08 21:09:34
37241000,0.0831,1,2023-05-08 21:09:34
37244000,0.0893,1,2023-05-08 21:09:34
37246000,0.0497,1,2023-05-08 21:09:34
price,quantity,type,timestamp
37229000,0.0568,0,2023-05-08 21:09:36
37227000,0.0872,0,2023-05-08 21:09:36
37225000,0.0893,0,2023-05-08 21:09:36
37223000,0.0396,0,2023-05-08 21:09:36
37222000,0.5969,0,2023-05-08 21:09:36
37238000,0.0023,1,2023-05-08 21:09:36
37239000,0.0132,1,2023-05-08 21:09:36
37243000,0.0643,1,2023-05-08 21:09:36
37244000,0.0893,1,2023-05-08 21:09:36
37246000,0.0497,1,2023-05-08 21:09:36
price,quantity,type,timestamp
37240000,0.0797,0,2023-05-08 21:09:37
37235000,0.0152,0,2023-05-08 21:09:37
37232000,0.0086,0,2023-05-08 21:09:37
37231000,0.086,0,2023-05-08 21:09:37
37229000,0.0712,0,2023-05-08 21:09:37
37249000,0.0627,1,2023-05-08 21:09:37
37250000,0.0869,1,2023-05-08 21:09:37
37251000,0.0048,1,2023-05-08 21:09:37
37252000,0.0643,1,2023-05-08 21:09:37
37253000,0.1384,1,2023-05-08 21:09:37
price,quantity,type,timestamp
37229000,0.0144,0,2023-05-08 21:09:39
37228000,0.0154,0,2023-05-08 21:09:39
37227000,0.0923,0,2023-05-08 21:09:39
37225000,0.1339,0,2023-05-08 21:09:39
37223000,0.0409,0,2023-05-08 21:09:39
37245000,0.1526,1,2023-05-08 21:09:39
37247000,0.1091,1,2023-05-08 21:09:39
37250000,0.1279,1,2023-05-08 21:09:39
37251000,0.0048,1,2023-05-08 21:09:39
37253000,0.1384,1,2023-05-08 21:09:39
price,quantity,type,timestamp
37229000,0.0144,0,2023-05-08 21:09:40
37228000,0.0154,0,2023-05-08 21:09:40
37227000,0.0923,0,2023-05-08 21:09:40
37225000,0.1339,0,2023-05-08 21:09:40
37223000,0.0409,0,2023-05-08 21:09:40
37245000,0.1526,1,2023-05-08 21:09:40
37246000,0.0384,1,2023-05-08 21:09:40
37247000,0.1091,1,2023-05-08 21:09:40
37250000,0.1279,1,2023-05-08 21:09:40
37251000,0.0048,1,2023-05-08 21:09:40
price,quantity,type,timestamp
37231000,0.0892,0,2023-05-08 21:09:41
37229000,0.0144,0,2023-05-08 21:09:41
37228000,0.0154,0,2023-05-08 21:09:41
37227000,1.3843,0,2023-05-08 21:09:41
37225000,0.1339,0,2023-05-08 21:09:41
37245000,0.1462,1,2023-05-08 21:09:41
37247000,0.1091,1,2023-05-08 21:09:41
37250000,0.1279,1,2023-05-08 21:09:41
37251000,0.0048,1,2023-05-08 21:09:41
37253000,0.1944,1,2023-05-08 21:09:41
price,quantity,type,timestamp
37231000,0.0892,0,2023-05-08 21:09:43
37229000,0.0278,0,2023-05-08 21:09:43
37228000,0.0154,0,2023-05-08 21:09:43
37227000,1.3843,0,2023-05-08 21:09:43
37225000,0.1339,0,2023-05-08 21:09:43
37245000,0.1462,1,2023-05-08 21:09:43
37247000,0.1091,1,2023-05-08 21:09:43
37250000,0.1279,1,2023-05-08 21:09:43
37251000,0.0048,1,2023-05-08 21:09:43
37253000,0.1944,1,2023-05-08 21:09:43
price,quantity,type,timestamp
37231000,0.0892,0,2023-05-08 21:09:44
37229000,0.0278,0,2023-05-08 21:09:44
37228000,0.0154,0,2023-05-08 21:09:44
37227000,1.3843,0,2023-05-08 21:09:44
37225000,0.1339,0,2023-05-08 21:09:44
37245000,0.1358,1,2023-05-08 21:09:44
37247000,0.1091,1,2023-05-08 21:09:44
37250000,0.1279,1,2023-05-08 21:09:44
37251000,0.0048,1,2023-05-08 21:09:44
37253000,0.1944,1,2023-05-08 21:09:44
price,quantity,type,timestamp
37231000,0.0238,0,2023-05-08 21:09:45
37229000,0.0278,0,2023-05-08 21:09:45
37228000,0.0154,0,2023-05-08 21:09:45
37227000,1.3843,0,2023-05-08 21:09:45
37225000,0.1339,0,2023-05-08 21:09:45
37245000,0.1283,1,2023-05-08 21:09:45
37247000,0.1091,1,2023-05-08 21:09:45
37250000,0.1279,1,2023-05-08 21:09:45
37251000,0.0048,1,2023-05-08 21:09:45
37253000,0.1944,1,2023-05-08 21:09:45
price,quantity,type,timestamp
37229000,0.0278,0,2023-05-08 21:09:47
37228000,0.0154,0,2023-05-08 21:09:47
37227000,1.3843,0,2023-05-08 21:09:47
37225000,0.1339,0,2023-05-08 21:09:47
37223000,0.0409,0,2023-05-08 21:09:47
37245000,0.0966,1,2023-05-08 21:09:47
37247000,0.1008,1,2023-05-08 21:09:47
37250000,0.1279,1,2023-05-08 21:09:47
37251000,0.0048,1,2023-05-08 21:09:47
37253000,0.1944,1,2023-05-08 21:09:47
price,quantity,type,timestamp
37231000,0.0088,0,2023-05-08 21:09:48
37229000,0.0278,0,2023-05-08 21:09:48
37228000,0.0154,0,2023-05-08 21:09:48
37227000,1.3843,0,2023-05-08 21:09:48
37225000,0.1339,0,2023-05-08 21:09:48
37245000,0.1199,1,2023-05-08 21:09:48
37247000,0.1008,1,2023-05-08 21:09:48
37250000,0.1279,1,2023-05-08 21:09:48
37251000,0.0048,1,2023-05-08 21:09:48
37253000,0.1944,1,2023-05-08 21:09:48
price,quantity,type,timestamp
37231000,0.0088,0,2023-05-08 21:09:50
37229000,0.0278,0,2023-05-08 21:09:50
37228000,0.0154,0,2023-05-08 21:09:50
37227000,1.3843,0,2023-05-08 21:09:50
37225000,0.1339,0,2023-05-08 21:09:50
37245000,0.0962,1,2023-05-08 21:09:50
37246000,0.0238,1,2023-05-08 21:09:50
37247000,0.1008,1,2023-05-08 21:09:50
37250000,0.1279,1,2023-05-08 21:09:50
37251000,0.0048,1,2023-05-08 21:09:50
price,quantity,type,timestamp
37231000,0.0088,0,2023-05-08 21:09:51
37229000,0.0278,0,2023-05-08 21:09:51
37228000,0.0154,0,2023-05-08 21:09:51
37227000,1.3843,0,2023-05-08 21:09:51
37225000,0.1339,0,2023-05-08 21:09:51
37245000,0.0962,1,2023-05-08 21:09:51
37246000,0.0238,1,2023-05-08 21:09:51
37247000,0.1008,1,2023-05-08 21:09:51
37250000,0.1279,1,2023-05-08 21:09:51
37251000,0.0048,1,2023-05-08 21:09:51
price,quantity,type,timestamp
37231000,0.0879,0,2023-05-08 21:09:53
37230000,0.084,0,2023-05-08 21:09:53
37229000,0.0301,0,2023-05-08 21:09:53
37228000,0.0154,0,2023-05-08 21:09:53
37227000,1.3843,0,2023-05-08 21:09:53
37247000,0.1008,1,2023-05-08 21:09:53
37249000,0.0642,1,2023-05-08 21:09:53
37250000,0.0869,1,2023-05-08 21:09:53
37251000,0.0048,1,2023-05-08 21:09:53
37253000,0.1476,1,2023-05-08 21:09:53
price,quantity,type,timestamp
37231000,0.0879,0,2023-05-08 21:09:54
37230000,0.084,0,2023-05-08 21:09:54
37229000,0.0301,0,2023-05-08 21:09:54
37228000,0.0154,0,2023-05-08 21:09:54
37227000,1.3843,0,2023-05-08 21:09:54
37247000,0.0394,1,2023-05-08 21:09:54
37249000,0.0642,1,2023-05-08 21:09:54
37250000,0.0869,1,2023-05-08 21:09:54
37251000,0.0048,1,2023-05-08 21:09:54
37253000,0.1884,1,2023-05-08 21:09:54
price,quantity,type,timestamp
37235000,0.0898,0,2023-05-08 21:09:55
37233000,0.0681,0,2023-05-08 21:09:55
37231000,0.0879,0,2023-05-08 21:09:55
37230000,0.1064,0,2023-05-08 21:09:55
37229000,0.0684,0,2023-05-08 21:09:55
37247000,0.0081,1,2023-05-08 21:09:55
37249000,0.0642,1,2023-05-08 21:09:55
37251000,0.0048,1,2023-05-08 21:09:55
37253000,0.0964,1,2023-05-08 21:09:55
37254000,0.0589,1,2023-05-08 21:09:55
price,quantity,type,timestamp
37235000,0.0886,0,2023-05-08 21:09:57
37233000,0.0681,0,2023-05-08 21:09:57
37232000,0.0397,0,2023-05-08 21:09:57
37231000,0.0879,0,2023-05-08 21:09:57
37230000,0.1064,0,2023-05-08 21:09:57
37251000,0.0048,1,2023-05-08 21:09:57
37253000,0.0964,1,2023-05-08 21:09:57
37254000,0.0589,1,2023-05-08 21:09:57
37255000,0.0441,1,2023-05-08 21:09:57
37256000,0.0156,1,2023-05-08 21:09:57
price,quantity,type,timestamp
37235000,0.0886,0,2023-05-08 21:09:58
37234000,1.292,0,2023-05-08 21:09:58
37233000,0.0681,0,2023-05-08 21:09:58
37232000,0.0397,0,2023-05-08 21:09:58
37231000,0.0879,0,2023-05-08 21:09:58
37253000,0.1567,1,2023-05-08 21:09:58
37254000,0.0589,1,2023-05-08 21:09:58
37255000,0.0441,1,2023-05-08 21:09:58
37256000,0.0156,1,2023-05-08 21:09:58
37258000,0.0393,1,2023-05-08 21:09:58
price,quantity,type,timestamp
37234000,1.2344,0,2023-05-08 21:09:59
37233000,0.0681,0,2023-05-08 21:09:59
37232000,0.0397,0,2023-05-08 21:09:59
37231000,0.0879,0,2023-05-08 21:09:59
37230000,0.1064,0,2023-05-08 21:09:59
37253000,0.1567,1,2023-05-08 21:09:59
37254000,0.0589,1,2023-05-08 21:09:59
37255000,0.0441,1,2023-05-08 21:09:59
37256000,0.0156,1,2023-05-08 21:09:59
37258000,0.0393,1,2023-05-08 21:09:59
price,quantity,type,timestamp
37234000,1.2344,0,2023-05-08 21:10:01
37233000,0.0681,0,2023-05-08 21:10:01
37232000,0.0397,0,2023-05-08 21:10:01
37231000,0.0879,0,2023-05-08 21:10:01
37230000,0.1064,0,2023-05-08 21:10:01
37253000,0.1567,1,2023-05-08 21:10:01
37254000,0.0589,1,2023-05-08 21:10:01
37255000,0.0441,1,2023-05-08 21:10:01
37256000,0.0156,1,2023-05-08 21:10:01
37258000,0.0393,1,2023-05-08 21:10:01
price,quantity,type,timestamp
37233000,0.0681,0,2023-05-08 21:10:02
37231000,1.3799,0,2023-05-08 21:10:02
37230000,0.1064,0,2023-05-08 21:10:02
37229000,0.0301,0,2023-05-08 21:10:02
37228000,0.0154,0,2023-05-08 21:10:02
37249000,0.0132,1,2023-05-08 21:10:02
37250000,0.1516,1,2023-05-08 21:10:02
37253000,0.1475,1,2023-05-08 21:10:02
37254000,0.0589,1,2023-05-08 21:10:02
37255000,0.0441,1,2023-05-08 21:10:02
price,quantity,type,timestamp
37233000,0.0681,0,2023-05-08 21:10:03
37231000,1.3799,0,2023-05-08 21:10:03
37230000,0.1064,0,2023-05-08 21:10:03
37229000,0.0301,0,2023-05-08 21:10:03
37228000,0.0154,0,2023-05-08 21:10:03
37250000,0.1516,1,2023-05-08 21:10:03
37253000,0.1475,1,2023-05-08 21:10:03
37254000,0.0589,1,2023-05-08 21:10:03
37255000,0.0441,1,2023-05-08 21:10:03
37256000,0.0156,1,2023-05-08 21:10:03
price,quantity,type,timestamp
37233000,0.0683,0,2023-05-08 21:10:06
37231000,1.3799,0,2023-05-08 21:10:06
37230000,0.1444,0,2023-05-08 21:10:06
37229000,0.0301,0,2023-05-08 21:10:06
37228000,0.0154,0,2023-05-08 21:10:06
37250000,0.1516,1,2023-05-08 21:10:06
37253000,0.0832,1,2023-05-08 21:10:06
37254000,0.0589,1,2023-05-08 21:10:06
37255000,0.0441,1,2023-05-08 21:10:06
37256000,0.0156,1,2023-05-08 21:10:06
price,quantity,type,timestamp
37233000,0.0683,0,2023-05-08 21:10:07
37231000,1.3799,0,2023-05-08 21:10:07
37230000,0.1444,0,2023-05-08 21:10:07
37229000,0.0301,0,2023-05-08 21:10:07
37228000,0.0154,0,2023-05-08 21:10:07
37250000,0.1516,1,2023-05-08 21:10:07
37253000,0.0832,1,2023-05-08 21:10:07
37254000,0.0589,1,2023-05-08 21:10:07
37255000,0.0988,1,2023-05-08 21:10:07
37256000,0.0156,1,2023-05-08 21:10:07
price,quantity,type,timestamp
37233000,0.0683,0,2023-05-08 21:10:08
37230000,0.0143,0,2023-05-08 21:10:08
37229000,0.0301,0,2023-05-08 21:10:08
37228000,0.0154,0,2023-05-08 21:10:08
37227000,0.0904,0,2023-05-08 21:10:08
37243000,0.0642,1,2023-05-08 21:10:08
37245000,0.0899,1,2023-05-08 21:10:08
37248000,0.0614,1,2023-05-08 21:10:08
37249000,0.0391,1,2023-05-08 21:10:08
37250000,0.0874,1,2023-05-08 21:10:08
price,quantity,type,timestamp
37233000,0.0205,0,2023-05-08 21:10:10
37230000,0.0143,0,2023-05-08 21:10:10
37229000,0.0301,0,2023-05-08 21:10:10
37228000,0.0154,0,2023-05-08 21:10:10
37227000,0.0904,0,2023-05-08 21:10:10
37243000,0.0642,1,2023-05-08 21:10:10
37245000,0.0899,1,2023-05-08 21:10:10
37246000,0.008,1,2023-05-08 21:10:10
37248000,0.0614,1,2023-05-08 21:10:10
37249000,0.0391,1,2023-05-08 21:10:10
price,quantity,type,timestamp
37233000,0.0205,0,2023-05-08 21:10:11
37230000,0.0143,0,2023-05-08 21:10:11
37229000,0.0301,0,2023-05-08 21:10:11
37228000,0.0154,0,2023-05-08 21:10:11
37227000,0.0904,0,2023-05-08 21:10:11
37243000,0.0642,1,2023-05-08 21:10:11
37245000,0.0899,1,2023-05-08 21:10:11
37246000,0.008,1,2023-05-08 21:10:11
37248000,0.0614,1,2023-05-08 21:10:11
37249000,0.0391,1,2023-05-08 21:10:11
price,quantity,type,timestamp
37233000,0.0205,0,2023-05-08 21:10:12
37229000,0.0301,0,2023-05-08 21:10:12
37228000,0.0154,0,2023-05-08 21:10:12
37227000,0.0904,0,2023-05-08 21:10:12
37225000,0.0463,0,2023-05-08 21:10:12
37243000,0.0609,1,2023-05-08 21:10:12
37245000,0.0899,1,2023-05-08 21:10:12
37246000,0.008,1,2023-05-08 21:10:12
37248000,0.0614,1,2023-05-08 21:10:12
37249000,0.0391,1,2023-05-08 21:10:12
price,quantity,type,timestamp
37233000,0.0205,0,2023-05-08 21:10:14
37229000,0.0301,0,2023-05-08 21:10:14
37228000,0.0154,0,2023-05-08 21:10:14
37227000,0.0051,0,2023-05-08 21:10:14
37225000,0.0463,0,2023-05-08 21:10:14
37239000,0.0611,1,2023-05-08 21:10:14
37241000,0.0877,1,2023-05-08 21:10:14
37243000,0.0609,1,2023-05-08 21:10:14
37245000,0.1283,1,2023-05-08 21:10:14
37246000,0.0532,1,2023-05-08 21:10:14
price,quantity,type,timestamp
37233000,0.0205,0,2023-05-08 21:10:15
37229000,0.0301,0,2023-05-08 21:10:15
37228000,0.0154,0,2023-05-08 21:10:15
37227000,0.0051,0,2023-05-08 21:10:15
37225000,0.0463,0,2023-05-08 21:10:15
37239000,0.0611,1,2023-05-08 21:10:15
37241000,0.0877,1,2023-05-08 21:10:15
37245000,0.1283,1,2023-05-08 21:10:15
37246000,0.0532,1,2023-05-08 21:10:15
37247000,0.052,1,2023-05-08 21:10:15
price,quantity,type,timestamp
37229000,0.0301,0,2023-05-08 21:10:16
37225000,0.0017,0,2023-05-08 21:10:16
37218000,0.0292,0,2023-05-08 21:10:16
37216000,0.0136,0,2023-05-08 21:10:16
37213000,0.0081,0,2023-05-08 21:10:16
37230000,0.2175,1,2023-05-08 21:10:16
37231000,0.356,1,2023-05-08 21:10:16
37232000,0.077,1,2023-05-08 21:10:16
37233000,0.0132,1,2023-05-08 21:10:16
37235000,0.1648,1,2023-05-08 21:10:16
price,quantity,type,timestamp
37218000,0.0134,0,2023-05-08 21:10:18
37216000,0.0136,0,2023-05-08 21:10:18
37210000,0.1152,0,2023-05-08 21:10:18
37207000,0.0161,0,2023-05-08 21:10:18
37206000,0.4022,0,2023-05-08 21:10:18
37221000,0.1386,1,2023-05-08 21:10:18
37223000,0.059,1,2023-05-08 21:10:18
37226000,0.3552,1,2023-05-08 21:10:18
37227000,0.064,1,2023-05-08 21:10:18
37230000,0.2715,1,2023-05-08 21:10:18
price,quantity,type,timestamp
37207000,0.0161,0,2023-05-08 21:10:19
37206000,0.4022,0,2023-05-08 21:10:19
37200000,0.1165,0,2023-05-08 21:10:19
37198000,0.0054,0,2023-05-08 21:10:19
37197000,0.0005,0,2023-05-08 21:10:19
37210000,0.1152,1,2023-05-08 21:10:19
37213000,0.0571,1,2023-05-08 21:10:19
37215000,0.0455,1,2023-05-08 21:10:19
37216000,0.2317,1,2023-05-08 21:10:19
37217000,0.0752,1,2023-05-08 21:10:19
price,quantity,type,timestamp
37200000,0.0293,0,2023-05-08 21:10:20
37197000,0.0005,0,2023-05-08 21:10:20
37196000,0.002,0,2023-05-08 21:10:20
37195000,0.6329,0,2023-05-08 21:10:20
37187000,0.0941,0,2023-05-08 21:10:20
37202000,0.127,1,2023-05-08 21:10:20
37205000,0.1196,1,2023-05-08 21:10:20
37206000,0.0685,1,2023-05-08 21:10:20
37207000,0.0161,1,2023-05-08 21:10:20
37208000,0.1758,1,2023-05-08 21:10:20
price,quantity,type,timestamp
37195000,0.49,0,2023-05-08 21:10:22
37188000,0.5366,0,2023-05-08 21:10:22
37186000,0.0819,0,2023-05-08 21:10:22
37184000,0.0852,0,2023-05-08 21:10:22
37181000,0.0006,0,2023-05-08 21:10:22
37196000,0.0615,1,2023-05-08 21:10:22
37198000,0.2037,1,2023-05-08 21:10:22
37201000,0.1319,1,2023-05-08 21:10:22
37202000,0.0529,1,2023-05-08 21:10:22
37205000,0.079,1,2023-05-08 21:10:22
price,quantity,type,timestamp
37195000,0.2196,0,2023-05-08 21:10:23
37188000,0.5366,0,2023-05-08 21:10:23
37186000,0.0819,0,2023-05-08 21:10:23
37184000,0.0852,0,2023-05-08 21:10:23
37181000,0.0006,0,2023-05-08 21:10:23
37198000,0.1387,1,2023-05-08 21:10:23
37201000,0.1319,1,2023-05-08 21:10:23
37202000,0.0529,1,2023-05-08 21:10:23
37205000,0.079,1,2023-05-08 21:10:23
37206000,0.0685,1,2023-05-08 21:10:23
price,quantity,type,timestamp
37199000,0.0012,0,2023-05-08 21:10:24
37192000,0.0838,0,2023-05-08 21:10:24
37188000,0.101,0,2023-05-08 21:10:24
37187000,0.1334,0,2023-05-08 21:10:24
37186000,0.0819,0,2023-05-08 21:10:24
37202000,0.0529,1,2023-05-08 21:10:24
37203000,0.0151,1,2023-05-08 21:10:24
37204000,0.0951,1,2023-05-08 21:10:24
37205000,0.079,1,2023-05-08 21:10:24
37206000,0.0085,1,2023-05-08 21:10:24
price,quantity,type,timestamp
37192000,0.0838,0,2023-05-08 21:10:26
37188000,0.1536,0,2023-05-08 21:10:26
37187000,0.1334,0,2023-05-08 21:10:26
37186000,0.0819,0,2023-05-08 21:10:26
37185000,0.0052,0,2023-05-08 21:10:26
37202000,0.0529,1,2023-05-08 21:10:26
37203000,0.0151,1,2023-05-08 21:10:26
37204000,0.0951,1,2023-05-08 21:10:26
37205000,0.079,1,2023-05-08 21:10:26
37206000,0.0085,1,2023-05-08 21:10:26
price,quantity,type,timestamp
37202000,0.0625,0,2023-05-08 21:10:27
37201000,0.0625,0,2023-05-08 21:10:27
37200000,0.0842,0,2023-05-08 21:10:27
37194000,0.0054,0,2023-05-08 21:10:27
37192000,0.0514,0,2023-05-08 21:10:27
37210000,0.0675,1,2023-05-08 21:10:27
37211000,0.058,1,2023-05-08 21:10:27
37216000,0.0152,1,2023-05-08 21:10:27
37217000,0.0134,1,2023-05-08 21:10:27
37218000,0.0506,1,2023-05-08 21:10:27
price,quantity,type,timestamp
37207000,0.0004,0,2023-05-08 21:10:28
37202000,0.0625,0,2023-05-08 21:10:28
37201000,0.0625,0,2023-05-08 21:10:28
37200000,0.0842,0,2023-05-08 21:10:28
37198000,0.016,0,2023-05-08 21:10:28
37210000,0.0266,1,2023-05-08 21:10:28
37211000,0.1222,1,2023-05-08 21:10:28
37214000,0.0408,1,2023-05-08 21:10:28
37216000,0.0152,1,2023-05-08 21:10:28
37217000,0.0134,1,2023-05-08 21:10:28
price,quantity,type,timestamp
37198000,0.016,0,2023-05-08 21:10:30
37197000,0.049,0,2023-05-08 21:10:30
37196000,0.0861,0,2023-05-08 21:10:30
37194000,0.0054,0,2023-05-08 21:10:30
37192000,0.0514,0,2023-05-08 21:10:30
37208000,0.0609,1,2023-05-08 21:10:30
37210000,0.0266,1,2023-05-08 21:10:30
37211000,0.1628,1,2023-05-08 21:10:30
37212000,0.0857,1,2023-05-08 21:10:30
37215000,0.0865,1,2023-05-08 21:10:30
price,quantity,type,timestamp
37208000,0.0094,0,2023-05-08 21:10:31
37204000,0.0877,0,2023-05-08 21:10:31
37203000,0.0049,0,2023-05-08 21:10:31
37200000,0.0874,0,2023-05-08 21:10:31
37199000,0.0632,0,2023-05-08 21:10:31
37215000,0.064,1,2023-05-08 21:10:31
37216000,0.0152,1,2023-05-08 21:10:31
37217000,0.0134,1,2023-05-08 21:10:31
37218000,0.0506,1,2023-05-08 21:10:31
37219000,0.0564,1,2023-05-08 21:10:31
price,quantity,type,timestamp
37208000,0.009,0,2023-05-08 21:10:32
37204000,0.0877,0,2023-05-08 21:10:32
37203000,0.0049,0,2023-05-08 21:10:32
37200000,0.1428,0,2023-05-08 21:10:32
37199000,0.0632,0,2023-05-08 21:10:32
37215000,0.064,1,2023-05-08 21:10:32
37216000,0.0152,1,2023-05-08 21:10:32
37217000,0.0134,1,2023-05-08 21:10:32
37218000,0.0506,1,2023-05-08 21:10:32
37219000,0.0564,1,2023-05-08 21:10:32
price,quantity,type,timestamp
37208000,0.009,0,2023-05-08 21:10:34
37204000,0.0877,0,2023-05-08 21:10:34
37203000,0.0049,0,2023-05-08 21:10:34
37200000,0.1428,0,2023-05-08 21:10:34
37199000,0.0632,0,2023-05-08 21:10:34
37215000,0.0637,1,2023-05-08 21:10:34
37216000,0.0152,1,2023-05-08 21:10:34
37217000,0.0134,1,2023-05-08 21:10:34
37218000,0.0506,1,2023-05-08 21:10:34
37219000,0.0564,1,2023-05-08 21:10:34
price,quantity,type,timestamp
37215000,0.0004,0,2023-05-08 21:10:35
37208000,0.0018,0,2023-05-08 21:10:35
37207000,0.0847,0,2023-05-08 21:10:35
37206000,0.1033,0,2023-05-08 21:10:35
37205000,0.0088,0,2023-05-08 21:10:35
37216000,0.0152,1,2023-05-08 21:10:35
37218000,0.0506,1,2023-05-08 21:10:35
37219000,0.0564,1,2023-05-08 21:10:35
37221000,0.0997,1,2023-05-08 21:10:35
37222000,1.292,1,2023-05-08 21:10:35
price,quantity,type,timestamp
37208000,0.0018,0,2023-05-08 21:10:37
37207000,0.0847,0,2023-05-08 21:10:37
37206000,0.1033,0,2023-05-08 21:10:37
37205000,0.0088,0,2023-05-08 21:10:37
37204000,0.0877,0,2023-05-08 21:10:37
37216000,0.0062,1,2023-05-08 21:10:37
37218000,0.0506,1,2023-05-08 21:10:37
37219000,0.0564,1,2023-05-08 21:10:37
37221000,0.0997,1,2023-05-08 21:10:37
37222000,1.292,1,2023-05-08 21:10:37
price,quantity,type,timestamp
37208000,0.0018,0,2023-05-08 21:10:38
37207000,0.0847,0,2023-05-08 21:10:38
37206000,0.1033,0,2023-05-08 21:10:38
37205000,0.0088,0,2023-05-08 21:10:38
37204000,0.0877,0,2023-05-08 21:10:38
37216000,0.0062,1,2023-05-08 21:10:38
37218000,0.0506,1,2023-05-08 21:10:38
37219000,0.0564,1,2023-05-08 21:10:38
37221000,0.0997,1,2023-05-08 21:10:38
37222000,1.292,1,2023-05-08 21:10:38
price,quantity,type,timestamp
37218000,0.0567,0,2023-05-08 21:10:39
37216000,0.0878,0,2023-05-08 21:10:39
37214000,0.0533,0,2023-05-08 21:10:39
37211000,0.0651,0,2023-05-08 21:10:39
37210000,0.0864,0,2023-05-08 21:10:39
37224000,0.0301,1,2023-05-08 21:10:39
37226000,0.0476,1,2023-05-08 21:10:39
37227000,0.0608,1,2023-05-08 21:10:39
37229000,1.359,1,2023-05-08 21:10:39
37230000,0.0972,1,2023-05-08 21:10:39
price,quantity,type,timestamp
37218000,0.0567,0,2023-05-08 21:10:41
37216000,0.0878,0,2023-05-08 21:10:41
37214000,0.0533,0,2023-05-08 21:10:41
37211000,0.0651,0,2023-05-08 21:10:41
37210000,0.0864,0,2023-05-08 21:10:41
37224000,0.0301,1,2023-05-08 21:10:41
37226000,0.0476,1,2023-05-08 21:10:41
37227000,0.0608,1,2023-05-08 21:10:41
37229000,1.359,1,2023-05-08 21:10:41
37230000,0.0972,1,2023-05-08 21:10:41
price,quantity,type,timestamp
37220000,0.0132,0,2023-05-08 21:10:42
37219000,0.0777,0,2023-05-08 21:10:42
37218000,0.1167,0,2023-05-08 21:10:42
37216000,0.0878,0,2023-05-08 21:10:42
37214000,0.165,0,2023-05-08 21:10:42
37224000,0.0301,1,2023-05-08 21:10:42
37226000,0.0476,1,2023-05-08 21:10:42
37229000,1.3512,1,2023-05-08 21:10:42
37230000,0.0972,1,2023-05-08 21:10:42
37232000,0.0948,1,2023-05-08 21:10:42
price,quantity,type,timestamp
37220000,0.0132,0,2023-05-08 21:10:44
37219000,0.0777,0,2023-05-08 21:10:44
37218000,0.1167,0,2023-05-08 21:10:44
37216000,0.0888,0,2023-05-08 21:10:44
37215000,0.0476,0,2023-05-08 21:10:44
37224000,0.0301,1,2023-05-08 21:10:44
37226000,0.0476,1,2023-05-08 21:10:44
37229000,1.3512,1,2023-05-08 21:10:44
37230000,0.0972,1,2023-05-08 21:10:44
37232000,0.0948,1,2023-05-08 21:10:44
price,quantity,type,timestamp
37220000,0.0132,0,2023-05-08 21:10:45
37219000,0.0777,0,2023-05-08 21:10:45
37218000,0.1167,0,2023-05-08 21:10:45
37216000,0.0888,0,2023-05-08 21:10:45
37215000,0.0476,0,2023-05-08 21:10:45
37224000,0.0301,1,2023-05-08 21:10:45
37226000,0.0476,1,2023-05-08 21:10:45
37229000,1.3512,1,2023-05-08 21:10:45
37230000,0.0972,1,2023-05-08 21:10:45
37232000,0.0948,1,2023-05-08 21:10:45
price,quantity,type,timestamp
37219000,0.0777,0,2023-05-08 21:10:47
37218000,0.0777,0,2023-05-08 21:10:47
37216000,0.0888,0,2023-05-08 21:10:47
37215000,0.0476,0,2023-05-08 21:10:47
37214000,0.1166,0,2023-05-08 21:10:47
37224000,0.0301,1,2023-05-08 21:10:47
37226000,0.0476,1,2023-05-08 21:10:47
37229000,1.3512,1,2023-05-08 21:10:47
37230000,0.1618,1,2023-05-08 21:10:47
37232000,0.0948,1,2023-05-08 21:10:47
price,quantity,type,timestamp
37219000,0.0777,0,2023-05-08 21:10:48
37218000,0.0777,0,2023-05-08 21:10:48
37216000,0.0888,0,2023-05-08 21:10:48
37215000,0.0476,0,2023-05-08 21:10:48
37214000,0.1166,0,2023-05-08 21:10:48
37224000,0.0301,1,2023-05-08 21:10:48
37226000,0.0476,1,2023-05-08 21:10:48
37229000,1.3512,1,2023-05-08 21:10:48
37230000,0.1618,1,2023-05-08 21:10:48
37232000,0.0948,1,2023-05-08 21:10:48
price,quantity,type,timestamp
37219000,0.0777,0,2023-05-08 21:10:49
37218000,0.0777,0,2023-05-08 21:10:49
37216000,0.0888,0,2023-05-08 21:10:49
37215000,0.0476,0,2023-05-08 21:10:49
37214000,0.1166,0,2023-05-08 21:10:49
37224000,0.0301,1,2023-05-08 21:10:49
37226000,0.0476,1,2023-05-08 21:10:49
37229000,1.3512,1,2023-05-08 21:10:49
37230000,0.1618,1,2023-05-08 21:10:49
37232000,0.0948,1,2023-05-08 21:10:49
price,quantity,type,timestamp
37219000,0.0777,0,2023-05-08 21:10:52
37216000,0.0888,0,2023-05-08 21:10:52
37215000,0.0476,0,2023-05-08 21:10:52
37214000,0.1166,0,2023-05-08 21:10:52
37213000,0.0089,0,2023-05-08 21:10:52
37224000,0.0298,1,2023-05-08 21:10:52
37226000,0.0476,1,2023-05-08 21:10:52
37229000,1.3512,1,2023-05-08 21:10:52
37230000,0.1618,1,2023-05-08 21:10:52
37232000,0.0948,1,2023-05-08 21:10:52
price,quantity,type,timestamp
37232000,0.0891,0,2023-05-08 21:10:53
37230000,0.1753,0,2023-05-08 21:10:53
37229000,0.0892,0,2023-05-08 21:10:53
37227000,0.0604,0,2023-05-08 21:10:53
37226000,0.1151,0,2023-05-08 21:10:53
37236000,0.0063,1,2023-05-08 21:10:53
37240000,0.0054,1,2023-05-08 21:10:53
37241000,0.0094,1,2023-05-08 21:10:53
37243000,0.05,1,2023-05-08 21:10:53
37244000,1.3559,1,2023-05-08 21:10:53
price,quantity,type,timestamp
37236000,0.0937,0,2023-05-08 21:10:55
37234000,0.065,0,2023-05-08 21:10:55
37232000,0.0946,0,2023-05-08 21:10:55
37230000,0.2834,0,2023-05-08 21:10:55
37229000,0.0892,0,2023-05-08 21:10:55
37241000,0.0012,1,2023-05-08 21:10:55
37245000,0.0062,1,2023-05-08 21:10:55
37246000,0.0579,1,2023-05-08 21:10:55
37248000,0.0607,1,2023-05-08 21:10:55
37250000,1.292,1,2023-05-08 21:10:55
price,quantity,type,timestamp
37238000,0.0872,0,2023-05-08 21:10:56
37237000,0.0613,0,2023-05-08 21:10:56
37236000,0.1422,0,2023-05-08 21:10:56
37232000,0.0946,0,2023-05-08 21:10:56
37230000,0.2834,0,2023-05-08 21:10:56
37246000,0.0012,1,2023-05-08 21:10:56
37248000,0.0607,1,2023-05-08 21:10:56
37250000,1.292,1,2023-05-08 21:10:56
37252000,0.2583,1,2023-05-08 21:10:56
37253000,0.0094,1,2023-05-08 21:10:56
price,quantity,type,timestamp
37239000,0.0079,0,2023-05-08 21:10:57
37238000,0.0872,0,2023-05-08 21:10:57
37237000,0.0613,0,2023-05-08 21:10:57
37236000,0.1422,0,2023-05-08 21:10:57
37234000,0.0393,0,2023-05-08 21:10:57
37246000,0.0012,1,2023-05-08 21:10:57
37248000,0.0607,1,2023-05-08 21:10:57
37250000,1.292,1,2023-05-08 21:10:57
37252000,0.2583,1,2023-05-08 21:10:57
37253000,0.0094,1,2023-05-08 21:10:57
price,quantity,type,timestamp
37239000,0.0079,0,2023-05-08 21:10:59
37238000,0.0872,0,2023-05-08 21:10:59
37237000,0.0613,0,2023-05-08 21:10:59
37236000,0.1422,0,2023-05-08 21:10:59
37234000,0.0393,0,2023-05-08 21:10:59
37246000,0.0012,1,2023-05-08 21:10:59
37248000,0.0607,1,2023-05-08 21:10:59
37250000,1.292,1,2023-05-08 21:10:59
37252000,0.2583,1,2023-05-08 21:10:59
37253000,0.0094,1,2023-05-08 21:10:59
price,quantity,type,timestamp
37239000,0.0079,0,2023-05-08 21:11:00
37238000,0.0872,0,2023-05-08 21:11:00
37237000,0.0613,0,2023-05-08 21:11:00
37236000,0.1422,0,2023-05-08 21:11:00
37234000,0.0393,0,2023-05-08 21:11:00
37246000,0.0012,1,2023-05-08 21:11:00
37248000,0.0607,1,2023-05-08 21:11:00
37252000,0.2583,1,2023-05-08 21:11:00
37253000,0.0094,1,2023-05-08 21:11:00
37255000,0.0806,1,2023-05-08 21:11:00
price,quantity,type,timestamp
37248000,0.0865,0,2023-05-08 21:11:01
37246000,0.0876,0,2023-05-08 21:11:01
37241000,0.0896,0,2023-05-08 21:11:01
37240000,0.0634,0,2023-05-08 21:11:01
37239000,0.074,0,2023-05-08 21:11:01
37252000,0.0059,1,2023-05-08 21:11:01
37253000,0.0094,1,2023-05-08 21:11:01
37259000,0.1186,1,2023-05-08 21:11:01
37260000,0.0055,1,2023-05-08 21:11:01
37261000,0.0885,1,2023-05-08 21:11:01
price,quantity,type,timestamp
37248000,0.0865,0,2023-05-08 21:11:03
37246000,0.0876,0,2023-05-08 21:11:03
37241000,0.0896,0,2023-05-08 21:11:03
37240000,0.0634,0,2023-05-08 21:11:03
37239000,0.074,0,2023-05-08 21:11:03
37252000,0.0059,1,2023-05-08 21:11:03
37253000,0.0094,1,2023-05-08 21:11:03
37259000,0.1186,1,2023-05-08 21:11:03
37260000,0.0055,1,2023-05-08 21:11:03
37261000,0.0885,1,2023-05-08 21:11:03
price,quantity,type,timestamp
37239000,0.074,0,2023-05-08 21:11:04
37238000,0.0872,0,2023-05-08 21:11:04
37236000,0.1373,0,2023-05-08 21:11:04
37235000,0.0577,0,2023-05-08 21:11:04
37230000,0.0686,0,2023-05-08 21:11:04
37248000,0.0343,1,2023-05-08 21:11:04
37256000,0.0099,1,2023-05-08 21:11:04
37257000,0.0899,1,2023-05-08 21:11:04
37258000,0.0501,1,2023-05-08 21:11:04
37259000,0.1186,1,2023-05-08 21:11:04
price,quantity,type,timestamp
37242000,0.0144,0,2023-05-08 21:11:05
37239000,0.1372,0,2023-05-08 21:11:05
37238000,0.0872,0,2023-05-08 21:11:05
37236000,0.1373,0,2023-05-08 21:11:05
37235000,0.0577,0,2023-05-08 21:11:05
37248000,0.0325,1,2023-05-08 21:11:05
37251000,0.0052,1,2023-05-08 21:11:05
37252000,0.0975,1,2023-05-08 21:11:05
37255000,0.0055,1,2023-05-08 21:11:05
37256000,0.1119,1,2023-05-08 21:11:05
price,quantity,type,timestamp
37239000,0.1372,0,2023-05-08 21:11:07
37238000,0.0872,0,2023-05-08 21:11:07
37236000,0.1373,0,2023-05-08 21:11:07
37235000,0.0577,0,2023-05-08 21:11:07
37234000,0.0054,0,2023-05-08 21:11:07
37252000,0.0975,1,2023-05-08 21:11:07
37253000,0.0603,1,2023-05-08 21:11:07
37254000,0.0048,1,2023-05-08 21:11:07
37255000,0.0055,1,2023-05-08 21:11:07
37256000,0.05,1,2023-05-08 21:11:07
price,quantity,type,timestamp
37235000,0.0577,0,2023-05-08 21:11:08
37233000,0.0855,0,2023-05-08 21:11:08
37232000,0.1087,0,2023-05-08 21:11:08
37230000,0.0686,0,2023-05-08 21:11:08
37226000,0.0509,0,2023-05-08 21:11:08
37239000,0.039,1,2023-05-08 21:11:08
37245000,0.005,1,2023-05-08 21:11:08
37247000,0.0866,1,2023-05-08 21:11:08
37248000,0.1163,1,2023-05-08 21:11:08
37250000,0.1904,1,2023-05-08 21:11:08
price,quantity,type,timestamp
37238000,0.1618,0,2023-05-08 21:11:09
37237000,0.0869,0,2023-05-08 21:11:09
37236000,0.0886,0,2023-05-08 21:11:09
37235000,0.1033,0,2023-05-08 21:11:09
37233000,0.0855,0,2023-05-08 21:11:09
37239000,0.0044,1,2023-05-08 21:11:09
37248000,0.0151,1,2023-05-08 21:11:09
37252000,0.0144,1,2023-05-08 21:11:09
37253000,0.0494,1,2023-05-08 21:11:09
37254000,0.1227,1,2023-05-08 21:11:09
price,quantity,type,timestamp
37238000,0.1618,0,2023-05-08 21:11:11
37237000,0.0869,0,2023-05-08 21:11:11
37236000,0.0886,0,2023-05-08 21:11:11
37235000,0.1033,0,2023-05-08 21:11:11
37233000,0.0855,0,2023-05-08 21:11:11
37239000,0.0044,1,2023-05-08 21:11:11
37248000,0.0151,1,2023-05-08 21:11:11
37252000,0.0144,1,2023-05-08 21:11:11
37253000,0.0494,1,2023-05-08 21:11:11
37254000,0.1227,1,2023-05-08 21:11:11
price,quantity,type,timestamp
37238000,0.1618,0,2023-05-08 21:11:12
37237000,0.0869,0,2023-05-08 21:11:12
37235000,0.0976,0,2023-05-08 21:11:12
37233000,0.0855,0,2023-05-08 21:11:12
37232000,0.0481,0,2023-05-08 21:11:12
37239000,0.0044,1,2023-05-08 21:11:12
37248000,0.0151,1,2023-05-08 21:11:12
37252000,0.0144,1,2023-05-08 21:11:12
37253000,0.0494,1,2023-05-08 21:11:12
37254000,0.2073,1,2023-05-08 21:11:12
price,quantity,type,timestamp
37240000,0.0637,0,2023-05-08 21:11:13
37238000,0.1003,0,2023-05-08 21:11:13
37237000,0.0869,0,2023-05-08 21:11:13
37235000,0.0976,0,2023-05-08 21:11:13
37233000,0.0855,0,2023-05-08 21:11:13
37252000,0.0144,1,2023-05-08 21:11:13
37253000,0.0494,1,2023-05-08 21:11:13
37254000,0.1441,1,2023-05-08 21:11:13
37255000,0.0055,1,2023-05-08 21:11:13
37256000,0.0099,1,2023-05-08 21:11:13
price,quantity,type,timestamp
37242000,0.0885,0,2023-05-08 21:11:15
37240000,0.1189,0,2023-05-08 21:11:15
37239000,0.0383,0,2023-05-08 21:11:15
37238000,0.1421,0,2023-05-08 21:11:15
37237000,0.0869,0,2023-05-08 21:11:15
37254000,0.0048,1,2023-05-08 21:11:15
37255000,0.0055,1,2023-05-08 21:11:15
37256000,0.0099,1,2023-05-08 21:11:15
37257000,0.0582,1,2023-05-08 21:11:15
37258000,0.0501,1,2023-05-08 21:11:15
price,quantity,type,timestamp
37247000,0.061,0,2023-05-08 21:11:16
37246000,0.0857,0,2023-05-08 21:11:16
37243000,0.0515,0,2023-05-08 21:11:16
37242000,0.1281,0,2023-05-08 21:11:16
37240000,0.1046,0,2023-05-08 21:11:16
37254000,0.0048,1,2023-05-08 21:11:16
37255000,0.0055,1,2023-05-08 21:11:16
37256000,0.0099,1,2023-05-08 21:11:16
37257000,0.0582,1,2023-05-08 21:11:16
37258000,0.0501,1,2023-05-08 21:11:16
price,quantity,type,timestamp
37243000,0.0515,0,2023-05-08 21:11:18
37242000,0.0639,0,2023-05-08 21:11:18
37240000,0.1046,0,2023-05-08 21:11:18
37238000,0.1421,0,2023-05-08 21:11:18
37237000,0.0869,0,2023-05-08 21:11:18
37253000,0.0867,1,2023-05-08 21:11:18
37254000,0.0048,1,2023-05-08 21:11:18
37255000,0.0055,1,2023-05-08 21:11:18
37256000,0.0931,1,2023-05-08 21:11:18
37257000,0.0582,1,2023-05-08 21:11:18
price,quantity,type,timestamp
37243000,0.0515,0,2023-05-08 21:11:19
37242000,0.0639,0,2023-05-08 21:11:19
37240000,0.1046,0,2023-05-08 21:11:19
37238000,0.1421,0,2023-05-08 21:11:19
37237000,0.0869,0,2023-05-08 21:11:19
37253000,0.0867,1,2023-05-08 21:11:19
37254000,0.0048,1,2023-05-08 21:11:19
37255000,0.0055,1,2023-05-08 21:11:19
37256000,0.0931,1,2023-05-08 21:11:19
37257000,0.0967,1,2023-05-08 21:11:19
price,quantity,type,timestamp
37242000,0.0639,0,2023-05-08 21:11:20
37240000,0.0552,0,2023-05-08 21:11:20
37238000,0.1421,0,2023-05-08 21:11:20
37237000,0.0869,0,2023-05-08 21:11:20
37235000,0.0577,0,2023-05-08 21:11:20
37252000,0.008,1,2023-05-08 21:11:20
37253000,0.0867,1,2023-05-08 21:11:20
37254000,0.0551,1,2023-05-08 21:11:20
37255000,0.0055,1,2023-05-08 21:11:20
37256000,0.1573,1,2023-05-08 21:11:20
price,quantity,type,timestamp
37242000,0.0639,0,2023-05-08 21:11:22
37240000,0.0552,0,2023-05-08 21:11:22
37238000,0.1421,0,2023-05-08 21:11:22
37237000,0.1266,0,2023-05-08 21:11:22
37235000,0.0577,0,2023-05-08 21:11:22
37254000,0.0551,1,2023-05-08 21:11:22
37255000,0.0055,1,2023-05-08 21:11:22
37256000,0.1573,1,2023-05-08 21:11:22
37257000,0.0582,1,2023-05-08 21:11:22
37258000,0.0501,1,2023-05-08 21:11:22
price,quantity,type,timestamp
37242000,0.1525,0,2023-05-08 21:11:23
37240000,0.0552,0,2023-05-08 21:11:23
37238000,0.1512,0,2023-05-08 21:11:23
37237000,0.1266,0,2023-05-08 21:11:23
37235000,0.0577,0,2023-05-08 21:11:23
37254000,0.0551,1,2023-05-08 21:11:23
37255000,0.0055,1,2023-05-08 21:11:23
37256000,0.0931,1,2023-05-08 21:11:23
37257000,0.0582,1,2023-05-08 21:11:23
37258000,0.0501,1,2023-05-08 21:11:23
price,quantity,type,timestamp
37242000,0.1525,0,2023-05-08 21:11:24
37240000,0.0552,0,2023-05-08 21:11:24
37238000,0.1512,0,2023-05-08 21:11:24
37237000,0.1266,0,2023-05-08 21:11:24
37235000,0.0577,0,2023-05-08 21:11:24
37254000,0.0551,1,2023-05-08 21:11:24
37255000,0.0055,1,2023-05-08 21:11:24
37256000,0.0931,1,2023-05-08 21:11:24
37257000,0.0582,1,2023-05-08 21:11:24
37258000,0.0501,1,2023-05-08 21:11:24
price,quantity,type,timestamp
37242000,0.2076,0,2023-05-08 21:11:26
37240000,0.0552,0,2023-05-08 21:11:26
37238000,0.1512,0,2023-05-08 21:11:26
37237000,0.1266,0,2023-05-08 21:11:26
37235000,0.0577,0,2023-05-08 21:11:26
37254000,0.0551,1,2023-05-08 21:11:26
37255000,0.0055,1,2023-05-08 21:11:26
37256000,0.0931,1,2023-05-08 21:11:26
37257000,0.0582,1,2023-05-08 21:11:26
37258000,0.0501,1,2023-05-08 21:11:26
price,quantity,type,timestamp
37242000,0.2076,0,2023-05-08 21:11:27
37240000,0.0552,0,2023-05-08 21:11:27
37238000,0.1512,0,2023-05-08 21:11:27
37237000,0.1266,0,2023-05-08 21:11:27
37235000,0.0577,0,2023-05-08 21:11:27
37254000,0.0551,1,2023-05-08 21:11:27
37255000,0.0055,1,2023-05-08 21:11:27
37256000,0.0931,1,2023-05-08 21:11:27
37257000,0.0582,1,2023-05-08 21:11:27
37258000,0.0501,1,2023-05-08 21:11:27
price,quantity,type,timestamp
37244000,0.0854,0,2023-05-08 21:11:29
37242000,0.2076,0,2023-05-08 21:11:29
37241000,0.0383,0,2023-05-08 21:11:29
37240000,0.0552,0,2023-05-08 21:11:29
37238000,0.1512,0,2023-05-08 21:11:29
37254000,0.0048,1,2023-05-08 21:11:29
37255000,0.0055,1,2023-05-08 21:11:29
37256000,0.0099,1,2023-05-08 21:11:29
37257000,0.0582,1,2023-05-08 21:11:29
37258000,0.0501,1,2023-05-08 21:11:29
price,quantity,type,timestamp
37244000,0.0854,0,2023-05-08 21:11:30
37242000,0.2076,0,2023-05-08 21:11:30
37241000,0.0383,0,2023-05-08 21:11:30
37240000,0.0552,0,2023-05-08 21:11:30
37238000,0.1512,0,2023-05-08 21:11:30
37255000,0.0055,1,2023-05-08 21:11:30
37256000,0.0099,1,2023-05-08 21:11:30
37257000,0.0582,1,2023-05-08 21:11:30
37258000,0.0501,1,2023-05-08 21:11:30
37259000,0.0642,1,2023-05-08 21:11:30
price,quantity,type,timestamp
37242000,0.0835,0,2023-05-08 21:11:31
37240000,0.0552,0,2023-05-08 21:11:31
37238000,0.1421,0,2023-05-08 21:11:31
37237000,0.0869,0,2023-05-08 21:11:31
37235000,0.0966,0,2023-05-08 21:11:31
37253000,0.0969,1,2023-05-08 21:11:31
37255000,0.0055,1,2023-05-08 21:11:31
37256000,0.0099,1,2023-05-08 21:11:31
37257000,0.0582,1,2023-05-08 21:11:31
37258000,0.1744,1,2023-05-08 21:11:31
price,quantity,type,timestamp
37242000,0.0835,0,2023-05-08 21:11:33
37240000,0.0552,0,2023-05-08 21:11:33
37238000,0.1421,0,2023-05-08 21:11:33
37237000,0.0869,0,2023-05-08 21:11:33
37235000,0.0966,0,2023-05-08 21:11:33
37253000,0.0969,1,2023-05-08 21:11:33
37255000,0.0055,1,2023-05-08 21:11:33
37256000,0.0099,1,2023-05-08 21:11:33
37257000,0.0582,1,2023-05-08 21:11:33
37258000,0.1744,1,2023-05-08 21:11:33
price,quantity,type,timestamp
37242000,0.0835,0,2023-05-08 21:11:34
37240000,0.0552,0,2023-05-08 21:11:34
37238000,0.1421,0,2023-05-08 21:11:34
37237000,0.0869,0,2023-05-08 21:11:34
37235000,0.0966,0,2023-05-08 21:11:34
37253000,0.0969,1,2023-05-08 21:11:34
37255000,1.2975,1,2023-05-08 21:11:34
37256000,0.0099,1,2023-05-08 21:11:34
37257000,0.0582,1,2023-05-08 21:11:34
37258000,0.1744,1,2023-05-08 21:11:34
price,quantity,type,timestamp
37244000,0.0842,0,2023-05-08 21:11:36
37243000,0.0053,0,2023-05-08 21:11:36
37242000,0.0835,0,2023-05-08 21:11:36
37241000,0.1169,0,2023-05-08 21:11:36
37240000,0.0943,0,2023-05-08 21:11:36
37253000,0.0053,1,2023-05-08 21:11:36
37255000,1.2975,1,2023-05-08 21:11:36
37256000,0.0099,1,2023-05-08 21:11:36
37257000,0.0582,1,2023-05-08 21:11:36
37258000,0.135,1,2023-05-08 21:11:36
price,quantity,type,timestamp
37246000,0.0452,0,2023-05-08 21:11:37
37245000,0.1359,0,2023-05-08 21:11:37
37244000,0.1222,0,2023-05-08 21:11:37
37242000,0.0835,0,2023-05-08 21:11:37
37241000,0.1169,0,2023-05-08 21:11:37
37255000,0.0055,1,2023-05-08 21:11:37
37256000,0.0099,1,2023-05-08 21:11:37
37257000,0.0582,1,2023-05-08 21:11:37
37258000,0.0501,1,2023-05-08 21:11:37
37259000,0.0642,1,2023-05-08 21:11:37
price,quantity,type,timestamp
37248000,0.1389,0,2023-05-08 21:11:39
37247000,0.0153,0,2023-05-08 21:11:39
37246000,0.0452,0,2023-05-08 21:11:39
37245000,0.1975,0,2023-05-08 21:11:39
37244000,0.1222,0,2023-05-08 21:11:39
37261000,0.0611,1,2023-05-08 21:11:39
37262000,0.0058,1,2023-05-08 21:11:39
37263000,0.0724,1,2023-05-08 21:11:39
37264000,1.3021,1,2023-05-08 21:11:39
37265000,0.1438,1,2023-05-08 21:11:39
price,quantity,type,timestamp
37248000,0.1389,0,2023-05-08 21:11:40
37247000,0.0153,0,2023-05-08 21:11:40
37246000,0.0452,0,2023-05-08 21:11:40
37245000,0.1975,0,2023-05-08 21:11:40
37244000,0.1222,0,2023-05-08 21:11:40
37261000,0.0611,1,2023-05-08 21:11:40
37262000,0.0058,1,2023-05-08 21:11:40
37263000,0.0724,1,2023-05-08 21:11:40
37264000,1.3021,1,2023-05-08 21:11:40
37265000,0.1438,1,2023-05-08 21:11:40
price,quantity,type,timestamp
37248000,0.1389,0,2023-05-08 21:11:42
37247000,0.0153,0,2023-05-08 21:11:42
37246000,0.0452,0,2023-05-08 21:11:42
37245000,0.1975,0,2023-05-08 21:11:42
37244000,0.1222,0,2023-05-08 21:11:42
37261000,0.0611,1,2023-05-08 21:11:42
37262000,0.0058,1,2023-05-08 21:11:42
37263000,0.0724,1,2023-05-08 21:11:42
37264000,1.3021,1,2023-05-08 21:11:42
37265000,0.1438,1,2023-05-08 21:11:42
price,quantity,type,timestamp
37249000,0.0053,0,2023-05-08 21:11:43
37248000,0.1389,0,2023-05-08 21:11:43
37247000,0.0153,0,2023-05-08 21:11:43
37246000,0.0452,0,2023-05-08 21:11:43
37245000,0.1975,0,2023-05-08 21:11:43
37261000,0.0611,1,2023-05-08 21:11:43
37262000,0.0058,1,2023-05-08 21:11:43
37263000,0.0724,1,2023-05-08 21:11:43
37264000,1.3021,1,2023-05-08 21:11:43
37265000,0.1438,1,2023-05-08 21:11:43
price,quantity,type,timestamp
37251000,0.0647,0,2023-05-08 21:11:44
37250000,0.0898,0,2023-05-08 21:11:44
37249000,0.0092,0,2023-05-08 21:11:44
37248000,0.1389,0,2023-05-08 21:11:44
37247000,0.0153,0,2023-05-08 21:11:44
37262000,0.0058,1,2023-05-08 21:11:44
37263000,0.0635,1,2023-05-08 21:11:44
37264000,1.3021,1,2023-05-08 21:11:44
37265000,0.1438,1,2023-05-08 21:11:44
37266000,0.0566,1,2023-05-08 21:11:44
price,quantity,type,timestamp
37251000,0.0647,0,2023-05-08 21:11:46
37250000,0.0898,0,2023-05-08 21:11:46
37249000,0.0092,0,2023-05-08 21:11:46
37248000,0.1389,0,2023-05-08 21:11:46
37247000,0.0153,0,2023-05-08 21:11:46
37262000,0.0058,1,2023-05-08 21:11:46
37263000,0.0635,1,2023-05-08 21:11:46
37264000,1.3021,1,2023-05-08 21:11:46
37265000,0.1438,1,2023-05-08 21:11:46
37266000,0.0566,1,2023-05-08 21:11:46
price,quantity,type,timestamp
37251000,0.0647,0,2023-05-08 21:11:47
37250000,0.0898,0,2023-05-08 21:11:47
37249000,0.0092,0,2023-05-08 21:11:47
37248000,0.1389,0,2023-05-08 21:11:47
37247000,0.0153,0,2023-05-08 21:11:47
37262000,0.0058,1,2023-05-08 21:11:47
37263000,0.0635,1,2023-05-08 21:11:47
37264000,1.3021,1,2023-05-08 21:11:47
37265000,0.1438,1,2023-05-08 21:11:47
37266000,0.0566,1,2023-05-08 21:11:47
price,quantity,type,timestamp
37250000,0.0898,0,2023-05-08 21:11:48
37249000,0.3457,0,2023-05-08 21:11:48
37248000,0.1389,0,2023-05-08 21:11:48
37247000,0.0153,0,2023-05-08 21:11:48
37246000,0.0452,0,2023-05-08 21:11:48
37263000,0.1256,1,2023-05-08 21:11:48
37264000,1.3021,1,2023-05-08 21:11:48
37265000,0.1438,1,2023-05-08 21:11:48
37266000,0.0566,1,2023-05-08 21:11:48
37267000,0.0606,1,2023-05-08 21:11:48
price,quantity,type,timestamp
37250000,0.0898,0,2023-05-08 21:11:50
37249000,0.3457,0,2023-05-08 21:11:50
37248000,0.1389,0,2023-05-08 21:11:50
37247000,0.078,0,2023-05-08 21:11:50
37246000,0.0452,0,2023-05-08 21:11:50
37263000,0.1256,1,2023-05-08 21:11:50
37264000,1.3021,1,2023-05-08 21:11:50
37265000,0.1438,1,2023-05-08 21:11:50
37266000,0.0566,1,2023-05-08 21:11:50
37268000,0.0388,1,2023-05-08 21:11:50
price,quantity,type,timestamp
37249000,0.3365,0,2023-05-08 21:11:51
37248000,0.1389,0,2023-05-08 21:11:51
37247000,0.078,0,2023-05-08 21:11:51
37246000,0.0452,0,2023-05-08 21:11:51
37245000,0.1359,0,2023-05-08 21:11:51
37261000,0.0967,1,2023-05-08 21:11:51
37262000,0.0055,1,2023-05-08 21:11:51
37263000,0.1256,1,2023-05-08 21:11:51
37264000,1.3021,1,2023-05-08 21:11:51
37265000,0.182,1,2023-05-08 21:11:51
price,quantity,type,timestamp
37249000,0.3365,0,2023-05-08 21:11:52
37248000,0.0528,0,2023-05-08 21:11:52
37247000,0.078,0,2023-05-08 21:11:52
37246000,0.0452,0,2023-05-08 21:11:52
37245000,0.1359,0,2023-05-08 21:11:52
37260000,0.0384,1,2023-05-08 21:11:52
37261000,0.0967,1,2023-05-08 21:11:52
37262000,0.0055,1,2023-05-08 21:11:52
37263000,0.1256,1,2023-05-08 21:11:52
37264000,1.3021,1,2023-05-08 21:11:52
price,quantity,type,timestamp
37249000,0.3365,0,2023-05-08 21:11:54
37248000,0.0528,0,2023-05-08 21:11:54
37247000,0.078,0,2023-05-08 21:11:54
37246000,0.0452,0,2023-05-08 21:11:54
37245000,0.1359,0,2023-05-08 21:11:54
37260000,0.0384,1,2023-05-08 21:11:54
37261000,0.0967,1,2023-05-08 21:11:54
37262000,0.0055,1,2023-05-08 21:11:54
37263000,0.1256,1,2023-05-08 21:11:54
37264000,1.3021,1,2023-05-08 21:11:54
price,quantity,type,timestamp
37249000,0.3365,0,2023-05-08 21:11:55
37248000,0.1384,0,2023-05-08 21:11:55
37247000,0.078,0,2023-05-08 21:11:55
37246000,0.0452,0,2023-05-08 21:11:55
37245000,0.1359,0,2023-05-08 21:11:55
37261000,0.0884,1,2023-05-08 21:11:55
37262000,0.0055,1,2023-05-08 21:11:55
37263000,0.1256,1,2023-05-08 21:11:55
37264000,1.3402,1,2023-05-08 21:11:55
37265000,0.1438,1,2023-05-08 21:11:55
price,quantity,type,timestamp
37249000,0.3365,0,2023-05-08 21:11:57
37248000,0.1465,0,2023-05-08 21:11:57
37247000,0.078,0,2023-05-08 21:11:57
37246000,0.0452,0,2023-05-08 21:11:57
37245000,0.1359,0,2023-05-08 21:11:57
37261000,0.0884,1,2023-05-08 21:11:57
37262000,0.0055,1,2023-05-08 21:11:57
37263000,0.1256,1,2023-05-08 21:11:57
37264000,1.3402,1,2023-05-08 21:11:57
37265000,0.1438,1,2023-05-08 21:11:57
price,quantity,type,timestamp
37249000,0.3365,0,2023-05-08 21:11:58
37248000,0.1465,0,2023-05-08 21:11:58
37247000,0.078,0,2023-05-08 21:11:58
37246000,0.0452,0,2023-05-08 21:11:58
37245000,0.1359,0,2023-05-08 21:11:58
37261000,0.0884,1,2023-05-08 21:11:58
37262000,0.0055,1,2023-05-08 21:11:58
37263000,0.1256,1,2023-05-08 21:11:58
37264000,1.3402,1,2023-05-08 21:11:58
37265000,0.1438,1,2023-05-08 21:11:58
price,quantity,type,timestamp
37249000,0.3365,0,2023-05-08 21:12:00
37248000,0.1384,0,2023-05-08 21:12:00
37247000,0.078,0,2023-05-08 21:12:00
37246000,0.0452,0,2023-05-08 21:12:00
37245000,0.1359,0,2023-05-08 21:12:00
37262000,0.0055,1,2023-05-08 21:12:00
37263000,0.1256,1,2023-05-08 21:12:00
37264000,1.3402,1,2023-05-08 21:12:00
37265000,0.1438,1,2023-05-08 21:12:00
37266000,0.0566,1,2023-05-08 21:12:00
price,quantity,type,timestamp
37249000,0.3365,0,2023-05-08 21:12:01
37248000,0.1384,0,2023-05-08 21:12:01
37247000,0.078,0,2023-05-08 21:12:01
37246000,0.0452,0,2023-05-08 21:12:01
37245000,0.1359,0,2023-05-08 21:12:01
37262000,0.0055,1,2023-05-08 21:12:01
37263000,0.1256,1,2023-05-08 21:12:01
37264000,1.3402,1,2023-05-08 21:12:01
37265000,0.1438,1,2023-05-08 21:12:01
37266000,0.0566,1,2023-05-08 21:12:01
price,quantity,type,timestamp
37251000,0.087,0,2023-05-08 21:12:03
37250000,0.0637,0,2023-05-08 21:12:03
37249000,0.3365,0,2023-05-08 21:12:03
37248000,0.1384,0,2023-05-08 21:12:03
37247000,0.0153,0,2023-05-08 21:12:03
37262000,0.0055,1,2023-05-08 21:12:03
37263000,0.0054,1,2023-05-08 21:12:03
37264000,1.3021,1,2023-05-08 21:12:03
37265000,0.0591,1,2023-05-08 21:12:03
37266000,0.1186,1,2023-05-08 21:12:03
price,quantity,type,timestamp
37251000,0.0413,0,2023-05-08 21:12:04
37250000,0.0637,0,2023-05-08 21:12:04
37249000,0.3365,0,2023-05-08 21:12:04
37248000,0.1384,0,2023-05-08 21:12:04
37247000,0.0153,0,2023-05-08 21:12:04
37262000,0.0055,1,2023-05-08 21:12:04
37263000,0.0054,1,2023-05-08 21:12:04
37264000,1.3021,1,2023-05-08 21:12:04
37265000,0.0591,1,2023-05-08 21:12:04
37266000,0.1186,1,2023-05-08 21:12:04
price,quantity,type,timestamp
37252000,0.0833,0,2023-05-08 21:12:05
37251000,0.0413,0,2023-05-08 21:12:05
37250000,0.0637,0,2023-05-08 21:12:05
37249000,0.3365,0,2023-05-08 21:12:05
37248000,0.1384,0,2023-05-08 21:12:05
37262000,0.0055,1,2023-05-08 21:12:05
37263000,0.0054,1,2023-05-08 21:12:05
37264000,0.0101,1,2023-05-08 21:12:05
37265000,0.0591,1,2023-05-08 21:12:05
37266000,0.1186,1,2023-05-08 21:12:05
price,quantity,type,timestamp
37252000,0.0833,0,2023-05-08 21:12:07
37251000,0.0413,0,2023-05-08 21:12:07
37250000,0.0637,0,2023-05-08 21:12:07
37249000,0.3365,0,2023-05-08 21:12:07
37248000,0.1384,0,2023-05-08 21:12:07
37262000,0.0055,1,2023-05-08 21:12:07
37263000,0.0054,1,2023-05-08 21:12:07
37264000,0.0101,1,2023-05-08 21:12:07
37265000,0.0591,1,2023-05-08 21:12:07
37266000,0.1186,1,2023-05-08 21:12:07
price,quantity,type,timestamp
37252000,0.0833,0,2023-05-08 21:12:08
37251000,0.0413,0,2023-05-08 21:12:08
37250000,0.0637,0,2023-05-08 21:12:08
37249000,0.3365,0,2023-05-08 21:12:08
37248000,0.1384,0,2023-05-08 21:12:08
37262000,0.0055,1,2023-05-08 21:12:08
37263000,0.0054,1,2023-05-08 21:12:08
37264000,0.0101,1,2023-05-08 21:12:08
37265000,0.0591,1,2023-05-08 21:12:08
37266000,0.1186,1,2023-05-08 21:12:08
price,quantity,type,timestamp
37252000,0.0833,0,2023-05-08 21:12:10
37251000,0.0413,0,2023-05-08 21:12:10
37250000,0.0637,0,2023-05-08 21:12:10
37249000,0.3365,0,2023-05-08 21:12:10
37248000,0.1384,0,2023-05-08 21:12:10
37262000,0.0055,1,2023-05-08 21:12:10
37263000,0.0054,1,2023-05-08 21:12:10
37264000,0.0101,1,2023-05-08 21:12:10
37265000,0.0591,1,2023-05-08 21:12:10
37266000,0.1186,1,2023-05-08 21:12:10
price,quantity,type,timestamp
37252000,0.0833,0,2023-05-08 21:12:11
37251000,0.0413,0,2023-05-08 21:12:11
37250000,0.0637,0,2023-05-08 21:12:11
37249000,0.3365,0,2023-05-08 21:12:11
37248000,0.1384,0,2023-05-08 21:12:11
37262000,0.0055,1,2023-05-08 21:12:11
37263000,0.0054,1,2023-05-08 21:12:11
37264000,0.0101,1,2023-05-08 21:12:11
37265000,0.0591,1,2023-05-08 21:12:11
37266000,0.1186,1,2023-05-08 21:12:11
price,quantity,type,timestamp
37254000,0.0651,0,2023-05-08 21:12:12
37252000,0.0833,0,2023-05-08 21:12:12
37251000,0.0413,0,2023-05-08 21:12:12
37249000,0.3365,0,2023-05-08 21:12:12
37248000,0.1384,0,2023-05-08 21:12:12
37262000,0.0055,1,2023-05-08 21:12:12
37263000,0.0054,1,2023-05-08 21:12:12
37264000,0.0101,1,2023-05-08 21:12:12
37265000,0.0591,1,2023-05-08 21:12:12
37266000,0.0566,1,2023-05-08 21:12:12
price,quantity,type,timestamp
37254000,0.0651,0,2023-05-08 21:12:14
37252000,0.0833,0,2023-05-08 21:12:14
37251000,0.0413,0,2023-05-08 21:12:14
37249000,0.3365,0,2023-05-08 21:12:14
37248000,0.1384,0,2023-05-08 21:12:14
37262000,0.0055,1,2023-05-08 21:12:14
37263000,0.0054,1,2023-05-08 21:12:14
37264000,0.0101,1,2023-05-08 21:12:14
37265000,0.0591,1,2023-05-08 21:12:14
37266000,0.0566,1,2023-05-08 21:12:14
price,quantity,type,timestamp
37254000,0.0651,0,2023-05-08 21:12:15
37252000,0.0833,0,2023-05-08 21:12:15
37251000,0.0413,0,2023-05-08 21:12:15
37249000,0.3365,0,2023-05-08 21:12:15
37248000,0.1384,0,2023-05-08 21:12:15
37262000,0.0055,1,2023-05-08 21:12:15
37263000,0.0054,1,2023-05-08 21:12:15
37264000,0.0101,1,2023-05-08 21:12:15
37265000,0.0591,1,2023-05-08 21:12:15
37266000,0.0566,1,2023-05-08 21:12:15
price,quantity,type,timestamp
37254000,0.0651,0,2023-05-08 21:12:16
37252000,0.0833,0,2023-05-08 21:12:16
37251000,0.0413,0,2023-05-08 21:12:16
37249000,0.3365,0,2023-05-08 21:12:16
37248000,0.1384,0,2023-05-08 21:12:16
37262000,0.0055,1,2023-05-08 21:12:16
37263000,0.0054,1,2023-05-08 21:12:16
37264000,0.0101,1,2023-05-08 21:12:16
37265000,0.0591,1,2023-05-08 21:12:16
37266000,0.0566,1,2023-05-08 21:12:16
price,quantity,type,timestamp
37256000,0.0834,0,2023-05-08 21:12:18
37254000,0.2023,0,2023-05-08 21:12:18
37251000,0.0413,0,2023-05-08 21:12:18
37250000,0.0399,0,2023-05-08 21:12:18
37249000,0.3365,0,2023-05-08 21:12:18
37263000,0.0054,1,2023-05-08 21:12:18
37264000,0.0101,1,2023-05-08 21:12:18
37269000,0.0441,1,2023-05-08 21:12:18
37271000,1.2973,1,2023-05-08 21:12:18
37273000,0.141,1,2023-05-08 21:12:18
price,quantity,type,timestamp
37262000,0.0051,0,2023-05-08 21:12:19
37257000,0.0622,0,2023-05-08 21:12:19
37256000,0.1389,0,2023-05-08 21:12:19
37254000,0.1372,0,2023-05-08 21:12:19
37251000,0.0413,0,2023-05-08 21:12:19
37263000,0.0054,1,2023-05-08 21:12:19
37264000,0.0101,1,2023-05-08 21:12:19
37269000,0.0441,1,2023-05-08 21:12:19
37271000,1.2973,1,2023-05-08 21:12:19
37273000,0.2041,1,2023-05-08 21:12:19
price,quantity,type,timestamp
37262000,0.0051,0,2023-05-08 21:12:21
37257000,0.0622,0,2023-05-08 21:12:21
37256000,0.1389,0,2023-05-08 21:12:21
37255000,0.0157,0,2023-05-08 21:12:21
37254000,0.1372,0,2023-05-08 21:12:21
37264000,0.0014,1,2023-05-08 21:12:21
37269000,0.0441,1,2023-05-08 21:12:21
37271000,1.2973,1,2023-05-08 21:12:21
37273000,0.2041,1,2023-05-08 21:12:21
37274000,0.1131,1,2023-05-08 21:12:21
price,quantity,type,timestamp
37262000,0.0051,0,2023-05-08 21:12:22
37260000,0.0645,0,2023-05-08 21:12:22
37259000,0.0889,0,2023-05-08 21:12:22
37256000,0.1389,0,2023-05-08 21:12:22
37255000,0.0157,0,2023-05-08 21:12:22
37271000,1.2973,1,2023-05-08 21:12:22
37273000,0.141,1,2023-05-08 21:12:22
37274000,0.1131,1,2023-05-08 21:12:22
37276000,0.0606,1,2023-05-08 21:12:22
37277000,0.008,1,2023-05-08 21:12:22
price,quantity,type,timestamp
37262000,0.0051,0,2023-05-08 21:12:23
37260000,0.0645,0,2023-05-08 21:12:23
37259000,0.0889,0,2023-05-08 21:12:23
37256000,0.1389,0,2023-05-08 21:12:23
37255000,0.0157,0,2023-05-08 21:12:23
37271000,1.3117,1,2023-05-08 21:12:23
37273000,0.141,1,2023-05-08 21:12:23
37274000,0.1131,1,2023-05-08 21:12:23
37275000,0.0402,1,2023-05-08 21:12:23
37276000,0.0606,1,2023-05-08 21:12:23
price,quantity,type,timestamp
37262000,0.0051,0,2023-05-08 21:12:25
37260000,0.0645,0,2023-05-08 21:12:25
37259000,0.0889,0,2023-05-08 21:12:25
37256000,0.1389,0,2023-05-08 21:12:25
37255000,0.0157,0,2023-05-08 21:12:25
37271000,1.3117,1,2023-05-08 21:12:25
37273000,0.141,1,2023-05-08 21:12:25
37274000,0.1131,1,2023-05-08 21:12:25
37275000,0.0402,1,2023-05-08 21:12:25
37276000,0.0606,1,2023-05-08 21:12:25
price,quantity,type,timestamp
37259000,0.0889,0,2023-05-08 21:12:26
37256000,0.1389,0,2023-05-08 21:12:26
37255000,0.0157,0,2023-05-08 21:12:26
37254000,0.1795,0,2023-05-08 21:12:26
37253000,0.041,0,2023-05-08 21:12:26
37270000,0.0092,1,2023-05-08 21:12:26
37271000,1.3764,1,2023-05-08 21:12:26
37273000,0.141,1,2023-05-08 21:12:26
37274000,0.1131,1,2023-05-08 21:12:26
37275000,0.0402,1,2023-05-08 21:12:26
price,quantity,type,timestamp
37258000,0.0624,0,2023-05-08 21:12:27
37256000,0.1389,0,2023-05-08 21:12:27
37255000,0.0157,0,2023-05-08 21:12:27
37254000,0.1795,0,2023-05-08 21:12:27
37253000,0.041,0,2023-05-08 21:12:27
37270000,0.0092,1,2023-05-08 21:12:27
37271000,1.3117,1,2023-05-08 21:12:27
37273000,0.141,1,2023-05-08 21:12:27
37274000,0.1783,1,2023-05-08 21:12:27
37275000,0.0402,1,2023-05-08 21:12:27
price,quantity,type,timestamp
37258000,0.1343,0,2023-05-08 21:12:29
37256000,0.1389,0,2023-05-08 21:12:29
37255000,0.0157,0,2023-05-08 21:12:29
37254000,0.1795,0,2023-05-08 21:12:29
37253000,0.041,0,2023-05-08 21:12:29
37270000,0.0092,1,2023-05-08 21:12:29
37271000,1.3117,1,2023-05-08 21:12:29
37273000,0.141,1,2023-05-08 21:12:29
37274000,0.1783,1,2023-05-08 21:12:29
37275000,0.0402,1,2023-05-08 21:12:29
price,quantity,type,timestamp
37258000,0.1343,0,2023-05-08 21:12:30
37256000,0.1389,0,2023-05-08 21:12:30
37255000,0.0157,0,2023-05-08 21:12:30
37254000,0.1795,0,2023-05-08 21:12:30
37253000,0.041,0,2023-05-08 21:12:30
37270000,0.0092,1,2023-05-08 21:12:30
37271000,1.3117,1,2023-05-08 21:12:30
37273000,0.141,1,2023-05-08 21:12:30
37274000,0.1783,1,2023-05-08 21:12:30
37275000,0.0402,1,2023-05-08 21:12:30
price,quantity,type,timestamp
37258000,0.1343,0,2023-05-08 21:12:32
37256000,0.1389,0,2023-05-08 21:12:32
37255000,0.0157,0,2023-05-08 21:12:32
37254000,0.1795,0,2023-05-08 21:12:32
37253000,0.041,0,2023-05-08 21:12:32
37270000,0.0092,1,2023-05-08 21:12:32
37271000,1.3117,1,2023-05-08 21:12:32
37273000,0.141,1,2023-05-08 21:12:32
37274000,0.1783,1,2023-05-08 21:12:32
37275000,0.0402,1,2023-05-08 21:12:32
price,quantity,type,timestamp
37258000,0.1343,0,2023-05-08 21:12:33
37256000,0.1389,0,2023-05-08 21:12:33
37255000,0.0157,0,2023-05-08 21:12:33
37254000,0.1795,0,2023-05-08 21:12:33
37253000,0.041,0,2023-05-08 21:12:33
37270000,0.0092,1,2023-05-08 21:12:33
37271000,1.3117,1,2023-05-08 21:12:33
37273000,0.141,1,2023-05-08 21:12:33
37274000,0.1783,1,2023-05-08 21:12:33
37275000,0.0402,1,2023-05-08 21:12:33
price,quantity,type,timestamp
37261000,0.0026,0,2023-05-08 21:12:35
37260000,0.0876,0,2023-05-08 21:12:35
37258000,0.1343,0,2023-05-08 21:12:35
37256000,0.1389,0,2023-05-08 21:12:35
37255000,0.0157,0,2023-05-08 21:12:35
37270000,0.0092,1,2023-05-08 21:12:35
37271000,1.3117,1,2023-05-08 21:12:35
37273000,0.0537,1,2023-05-08 21:12:35
37274000,0.1783,1,2023-05-08 21:12:35
37276000,0.0865,1,2023-05-08 21:12:35
price,quantity,type,timestamp
37275000,0.006,0,2023-05-08 21:12:36
37274000,0.1411,0,2023-05-08 21:12:36
37273000,0.0573,0,2023-05-08 21:12:36
37272000,0.0938,0,2023-05-08 21:12:36
37271000,0.3019,0,2023-05-08 21:12:36
37280000,0.3118,1,2023-05-08 21:12:36
37281000,0.0105,1,2023-05-08 21:12:36
37283000,1.2977,1,2023-05-08 21:12:36
37287000,0.0702,1,2023-05-08 21:12:36
37289000,0.0893,1,2023-05-08 21:12:36
price,quantity,type,timestamp
37282000,0.1479,0,2023-05-08 21:12:37
37280000,0.1507,0,2023-05-08 21:12:37
37275000,0.006,0,2023-05-08 21:12:37
37274000,0.1411,0,2023-05-08 21:12:37
37273000,0.0573,0,2023-05-08 21:12:37
37290000,0.0863,1,2023-05-08 21:12:37
37291000,0.0755,1,2023-05-08 21:12:37
37293000,1.4493,1,2023-05-08 21:12:37
37294000,0.0471,1,2023-05-08 21:12:37
37295000,0.0556,1,2023-05-08 21:12:37
price,quantity,type,timestamp
37281000,0.1395,0,2023-05-08 21:12:49
37280000,0.0134,0,2023-05-08 21:12:49
37279000,0.0613,0,2023-05-08 21:12:49
37278000,0.0152,0,2023-05-08 21:12:49
37277000,0.0831,0,2023-05-08 21:12:49
37291000,0.0151,1,2023-05-08 21:12:49
37293000,1.4072,1,2023-05-08 21:12:49
37294000,0.084,1,2023-05-08 21:12:49
37295000,0.0556,1,2023-05-08 21:12:49
37297000,0.038,1,2023-05-08 21:12:49
price,quantity,type,timestamp
37281000,0.052,0,2023-05-08 21:12:50
37280000,0.0134,0,2023-05-08 21:12:50
37279000,0.0613,0,2023-05-08 21:12:50
37278000,0.0152,0,2023-05-08 21:12:50
37277000,0.0831,0,2023-05-08 21:12:50
37291000,0.0151,1,2023-05-08 21:12:50
37293000,1.4072,1,2023-05-08 21:12:50
37294000,0.084,1,2023-05-08 21:12:50
37295000,0.0556,1,2023-05-08 21:12:50
37297000,0.038,1,2023-05-08 21:12:50
price,quantity,type,timestamp
37281000,0.052,0,2023-05-08 21:12:51
37280000,0.1031,0,2023-05-08 21:12:51
37278000,0.0152,0,2023-05-08 21:12:51
37277000,0.0831,0,2023-05-08 21:12:51
37276000,0.0086,0,2023-05-08 21:12:51
37291000,0.0151,1,2023-05-08 21:12:51
37293000,1.3461,1,2023-05-08 21:12:51
37294000,0.084,1,2023-05-08 21:12:51
37295000,0.0556,1,2023-05-08 21:12:51
37297000,0.038,1,2023-05-08 21:12:51
price,quantity,type,timestamp
37281000,0.052,0,2023-05-08 21:12:53
37280000,0.1031,0,2023-05-08 21:12:53
37278000,0.0152,0,2023-05-08 21:12:53
37277000,0.0831,0,2023-05-08 21:12:53
37276000,0.0086,0,2023-05-08 21:12:53
37291000,0.0151,1,2023-05-08 21:12:53
37293000,1.3461,1,2023-05-08 21:12:53
37294000,0.084,1,2023-05-08 21:12:53
37295000,0.0556,1,2023-05-08 21:12:53
37297000,0.038,1,2023-05-08 21:12:53
price,quantity,type,timestamp
37287000,0.0192,0,2023-05-08 21:12:54
37286000,0.1872,0,2023-05-08 21:12:54
37283000,0.0956,0,2023-05-08 21:12:54
37282000,0.0883,0,2023-05-08 21:12:54
37281000,0.0933,0,2023-05-08 21:12:54
37300000,0.0516,1,2023-05-08 21:12:54
37302000,1.4084,1,2023-05-08 21:12:54
37303000,0.0864,1,2023-05-08 21:12:54
37304000,0.0675,1,2023-05-08 21:12:54
37306000,0.6226,1,2023-05-08 21:12:54
price,quantity,type,timestamp
37286000,0.1475,0,2023-05-08 21:12:56
37283000,0.0956,0,2023-05-08 21:12:56
37282000,0.0883,0,2023-05-08 21:12:56
37281000,0.0933,0,2023-05-08 21:12:56
37280000,0.0163,0,2023-05-08 21:12:56
37298000,0.0097,1,2023-05-08 21:12:56
37300000,0.1409,1,2023-05-08 21:12:56
37301000,0.0416,1,2023-05-08 21:12:56
37302000,1.4084,1,2023-05-08 21:12:56
37303000,0.0864,1,2023-05-08 21:12:56
price,quantity,type,timestamp
37285000,0.064,0,2023-05-08 21:12:57
37283000,0.0956,0,2023-05-08 21:12:57
37282000,0.0883,0,2023-05-08 21:12:57
37281000,0.0933,0,2023-05-08 21:12:57
37280000,0.0551,0,2023-05-08 21:12:57
37296000,0.0863,1,2023-05-08 21:12:57
37298000,0.0097,1,2023-05-08 21:12:57
37300000,0.1409,1,2023-05-08 21:12:57
37301000,0.0416,1,2023-05-08 21:12:57
37302000,1.3863,1,2023-05-08 21:12:57
price,quantity,type,timestamp
37283000,0.0956,0,2023-05-08 21:12:58
37282000,0.0883,0,2023-05-08 21:12:58
37281000,0.0933,0,2023-05-08 21:12:58
37280000,0.0551,0,2023-05-08 21:12:58
37278000,0.0152,0,2023-05-08 21:12:58
37295000,0.0056,1,2023-05-08 21:12:58
37296000,0.092,1,2023-05-08 21:12:58
37298000,0.0097,1,2023-05-08 21:12:58
37300000,0.1409,1,2023-05-08 21:12:58
37301000,0.0416,1,2023-05-08 21:12:58
price,quantity,type,timestamp
37283000,0.126,0,2023-05-08 21:13:00
37282000,0.0883,0,2023-05-08 21:13:00
37281000,0.0933,0,2023-05-08 21:13:00
37280000,0.0551,0,2023-05-08 21:13:00
37278000,0.0152,0,2023-05-08 21:13:00
37295000,0.0056,1,2023-05-08 21:13:00
37296000,0.092,1,2023-05-08 21:13:00
37298000,0.0097,1,2023-05-08 21:13:00
37299000,0.065,1,2023-05-08 21:13:00
37300000,0.1409,1,2023-05-08 21:13:00
price,quantity,type,timestamp
37283000,0.126,0,2023-05-08 21:13:01
37282000,0.0883,0,2023-05-08 21:13:01
37281000,0.0933,0,2023-05-08 21:13:01
37280000,0.0551,0,2023-05-08 21:13:01
37278000,0.0152,0,2023-05-08 21:13:01
37295000,0.0056,1,2023-05-08 21:13:01
37296000,0.092,1,2023-05-08 21:13:01
37298000,0.0097,1,2023-05-08 21:13:01
37299000,0.065,1,2023-05-08 21:13:01
37300000,0.1409,1,2023-05-08 21:13:01
price,quantity,type,timestamp
37285000,0.1566,0,2023-05-08 21:13:03
37283000,0.1653,0,2023-05-08 21:13:03
37282000,0.0883,0,2023-05-08 21:13:03
37281000,0.0933,0,2023-05-08 21:13:03
37280000,0.0163,0,2023-05-08 21:13:03
37295000,0.0056,1,2023-05-08 21:13:03
37296000,0.0057,1,2023-05-08 21:13:03
37298000,0.0097,1,2023-05-08 21:13:03
37300000,0.1409,1,2023-05-08 21:13:03
37301000,0.0416,1,2023-05-08 21:13:03
price,quantity,type,timestamp
37285000,0.1566,0,2023-05-08 21:13:04
37283000,0.1653,0,2023-05-08 21:13:04
37282000,0.0883,0,2023-05-08 21:13:04
37281000,0.0933,0,2023-05-08 21:13:04
37280000,0.0163,0,2023-05-08 21:13:04
37295000,0.0056,1,2023-05-08 21:13:04
37296000,0.0057,1,2023-05-08 21:13:04
37298000,0.0097,1,2023-05-08 21:13:04
37300000,0.1409,1,2023-05-08 21:13:04
37301000,0.0416,1,2023-05-08 21:13:04
price,quantity,type,timestamp
37285000,0.1566,0,2023-05-08 21:13:06
37283000,0.1653,0,2023-05-08 21:13:06
37282000,0.0883,0,2023-05-08 21:13:06
37281000,0.0933,0,2023-05-08 21:13:06
37280000,0.0163,0,2023-05-08 21:13:06
37295000,0.0046,1,2023-05-08 21:13:06
37296000,0.0057,1,2023-05-08 21:13:06
37298000,0.0097,1,2023-05-08 21:13:06
37300000,0.1409,1,2023-05-08 21:13:06
37301000,0.0416,1,2023-05-08 21:13:06
price,quantity,type,timestamp
37291000,0.6505,0,2023-05-08 21:13:07
37287000,0.0625,0,2023-05-08 21:13:07
37285000,0.0934,0,2023-05-08 21:13:07
37283000,0.1653,0,2023-05-08 21:13:07
37282000,0.0883,0,2023-05-08 21:13:07
37295000,0.0046,1,2023-05-08 21:13:07
37296000,0.0057,1,2023-05-08 21:13:07
37298000,0.0097,1,2023-05-08 21:13:07
37300000,0.1409,1,2023-05-08 21:13:07
37301000,0.0416,1,2023-05-08 21:13:07
price,quantity,type,timestamp
37291000,0.6505,0,2023-05-08 21:13:08
37287000,0.0625,0,2023-05-08 21:13:08
37285000,0.0934,0,2023-05-08 21:13:08
37283000,0.1653,0,2023-05-08 21:13:08
37282000,0.0883,0,2023-05-08 21:13:08
37295000,0.0046,1,2023-05-08 21:13:08
37296000,0.0057,1,2023-05-08 21:13:08
37298000,0.0097,1,2023-05-08 21:13:08
37300000,0.1409,1,2023-05-08 21:13:08
37301000,0.0416,1,2023-05-08 21:13:08
price,quantity,type,timestamp
37291000,0.6505,0,2023-05-08 21:13:10
37287000,0.0625,0,2023-05-08 21:13:10
37285000,0.0934,0,2023-05-08 21:13:10
37283000,0.1653,0,2023-05-08 21:13:10
37282000,0.0883,0,2023-05-08 21:13:10
37295000,0.0046,1,2023-05-08 21:13:10
37296000,0.0057,1,2023-05-08 21:13:10
37298000,0.0097,1,2023-05-08 21:13:10
37300000,0.1409,1,2023-05-08 21:13:10
37301000,0.0416,1,2023-05-08 21:13:10
price,quantity,type,timestamp
37291000,0.6505,0,2023-05-08 21:13:11
37287000,0.0625,0,2023-05-08 21:13:11
37285000,0.0934,0,2023-05-08 21:13:11
37283000,0.1653,0,2023-05-08 21:13:11
37282000,0.0883,0,2023-05-08 21:13:11
37295000,0.0046,1,2023-05-08 21:13:11
37296000,0.0057,1,2023-05-08 21:13:11
37298000,0.0097,1,2023-05-08 21:13:11
37300000,0.1409,1,2023-05-08 21:13:11
37301000,0.0416,1,2023-05-08 21:13:11
price,quantity,type,timestamp
37292000,0.0843,0,2023-05-08 21:13:12
37291000,0.7123,0,2023-05-08 21:13:12
37289000,0.085,0,2023-05-08 21:13:12
37287000,0.0531,0,2023-05-08 21:13:12
37285000,0.0934,0,2023-05-08 21:13:12
37300000,0.0516,1,2023-05-08 21:13:12
37302000,0.0553,1,2023-05-08 21:13:12
37304000,0.0675,1,2023-05-08 21:13:12
37306000,0.0865,1,2023-05-08 21:13:12
37307000,0.0637,1,2023-05-08 21:13:12
price,quantity,type,timestamp
37291000,0.6505,0,2023-05-08 21:13:14
37288000,0.0625,0,2023-05-08 21:13:14
37287000,0.0531,0,2023-05-08 21:13:14
37285000,0.0934,0,2023-05-08 21:13:14
37283000,0.126,0,2023-05-08 21:13:14
37300000,0.0516,1,2023-05-08 21:13:14
37301000,0.0852,1,2023-05-08 21:13:14
37302000,0.0553,1,2023-05-08 21:13:14
37304000,0.1291,1,2023-05-08 21:13:14
37306000,0.0865,1,2023-05-08 21:13:14
price,quantity,type,timestamp
37291000,0.7125,0,2023-05-08 21:13:15
37290000,0.0899,0,2023-05-08 21:13:15
37288000,0.0625,0,2023-05-08 21:13:15
37287000,0.0531,0,2023-05-08 21:13:15
37285000,0.0934,0,2023-05-08 21:13:15
37300000,0.0516,1,2023-05-08 21:13:15
37302000,0.0553,1,2023-05-08 21:13:15
37304000,0.1291,1,2023-05-08 21:13:15
37306000,0.0865,1,2023-05-08 21:13:15
37308000,0.0101,1,2023-05-08 21:13:15
price,quantity,type,timestamp
37291000,0.7125,0,2023-05-08 21:13:17
37290000,0.0899,0,2023-05-08 21:13:17
37287000,0.0531,0,2023-05-08 21:13:17
37285000,0.0934,0,2023-05-08 21:13:17
37283000,0.126,0,2023-05-08 21:13:17
37300000,0.0516,1,2023-05-08 21:13:17
37302000,0.0553,1,2023-05-08 21:13:17
37304000,0.0675,1,2023-05-08 21:13:17
37306000,0.0865,1,2023-05-08 21:13:17
37308000,0.0101,1,2023-05-08 21:13:17
price,quantity,type,timestamp
37291000,0.7125,0,2023-05-08 21:13:18
37290000,0.0899,0,2023-05-08 21:13:18
37287000,0.0531,0,2023-05-08 21:13:18
37285000,0.0934,0,2023-05-08 21:13:18
37283000,0.126,0,2023-05-08 21:13:18
37300000,0.0516,1,2023-05-08 21:13:18
37302000,0.0553,1,2023-05-08 21:13:18
37304000,0.0675,1,2023-05-08 21:13:18
37306000,0.0865,1,2023-05-08 21:13:18
37308000,0.0101,1,2023-05-08 21:13:18
price,quantity,type,timestamp
37291000,0.7125,0,2023-05-08 21:13:19
37290000,0.0899,0,2023-05-08 21:13:19
37287000,0.0531,0,2023-05-08 21:13:19
37285000,0.0934,0,2023-05-08 21:13:19
37283000,0.126,0,2023-05-08 21:13:19
37300000,0.0516,1,2023-05-08 21:13:19
37302000,0.0553,1,2023-05-08 21:13:19
37304000,0.0675,1,2023-05-08 21:13:19
37306000,0.0865,1,2023-05-08 21:13:19
37308000,0.0101,1,2023-05-08 21:13:19
price,quantity,type,timestamp
37291000,0.7125,0,2023-05-08 21:13:21
37290000,0.0899,0,2023-05-08 21:13:21
37287000,0.0531,0,2023-05-08 21:13:21
37285000,0.0934,0,2023-05-08 21:13:21
37283000,0.126,0,2023-05-08 21:13:21
37300000,0.0516,1,2023-05-08 21:13:21
37302000,0.0553,1,2023-05-08 21:13:21
37304000,0.0675,1,2023-05-08 21:13:21
37306000,0.0865,1,2023-05-08 21:13:21
37308000,0.0101,1,2023-05-08 21:13:21
price,quantity,type,timestamp
37295000,0.0647,0,2023-05-08 21:13:22
37293000,0.0834,0,2023-05-08 21:13:22
37291000,0.6896,0,2023-05-08 21:13:22
37290000,0.145,0,2023-05-08 21:13:22
37287000,0.0152,0,2023-05-08 21:13:22
37302000,0.0553,1,2023-05-08 21:13:22
37304000,0.0675,1,2023-05-08 21:13:22
37306000,0.0865,1,2023-05-08 21:13:22
37308000,0.0101,1,2023-05-08 21:13:22
37309000,0.107,1,2023-05-08 21:13:22
price,quantity,type,timestamp
37295000,0.0647,0,2023-05-08 21:13:24
37294000,0.0093,0,2023-05-08 21:13:24
37293000,0.0834,0,2023-05-08 21:13:24
37291000,0.6896,0,2023-05-08 21:13:24
37290000,0.145,0,2023-05-08 21:13:24
37304000,0.0109,1,2023-05-08 21:13:24
37308000,0.0101,1,2023-05-08 21:13:24
37309000,0.0979,1,2023-05-08 21:13:24
37311000,0.0634,1,2023-05-08 21:13:24
37315000,0.5764,1,2023-05-08 21:13:24
price,quantity,type,timestamp
37295000,0.0647,0,2023-05-08 21:13:25
37294000,0.0093,0,2023-05-08 21:13:25
37293000,0.0834,0,2023-05-08 21:13:25
37291000,0.6896,0,2023-05-08 21:13:25
37290000,0.145,0,2023-05-08 21:13:25
37304000,0.0109,1,2023-05-08 21:13:25
37308000,0.0101,1,2023-05-08 21:13:25
37309000,0.1817,1,2023-05-08 21:13:25
37311000,0.1228,1,2023-05-08 21:13:25
37314000,0.051,1,2023-05-08 21:13:25
price,quantity,type,timestamp
37295000,0.0647,0,2023-05-08 21:13:27
37293000,0.0834,0,2023-05-08 21:13:27
37291000,0.6896,0,2023-05-08 21:13:27
37290000,0.145,0,2023-05-08 21:13:27
37289000,0.0438,0,2023-05-08 21:13:27
37304000,0.0109,1,2023-05-08 21:13:27
37308000,0.0101,1,2023-05-08 21:13:27
37309000,0.1817,1,2023-05-08 21:13:27
37311000,0.1228,1,2023-05-08 21:13:27
37314000,0.051,1,2023-05-08 21:13:27
price,quantity,type,timestamp
37295000,0.0647,0,2023-05-08 21:13:29
37293000,0.0834,0,2023-05-08 21:13:29
37291000,0.6896,0,2023-05-08 21:13:29
37290000,0.145,0,2023-05-08 21:13:29
37289000,0.0438,0,2023-05-08 21:13:29
37304000,0.0109,1,2023-05-08 21:13:29
37308000,0.0101,1,2023-05-08 21:13:29
37309000,0.1817,1,2023-05-08 21:13:29
37311000,0.068,1,2023-05-08 21:13:29
37313000,0.064,1,2023-05-08 21:13:29
price,quantity,type,timestamp
37295000,0.0647,0,2023-05-08 21:13:30
37293000,0.0834,0,2023-05-08 21:13:30
37291000,0.6896,0,2023-05-08 21:13:30
37290000,0.145,0,2023-05-08 21:13:30
37289000,0.0438,0,2023-05-08 21:13:30
37304000,0.0109,1,2023-05-08 21:13:30
37308000,0.0101,1,2023-05-08 21:13:30
37309000,0.1817,1,2023-05-08 21:13:30
37311000,0.068,1,2023-05-08 21:13:30
37313000,0.064,1,2023-05-08 21:13:30
price,quantity,type,timestamp
37297000,0.0892,0,2023-05-08 21:13:32
37295000,0.1184,0,2023-05-08 21:13:32
37293000,0.0834,0,2023-05-08 21:13:32
37291000,0.6503,0,2023-05-08 21:13:32
37290000,0.145,0,2023-05-08 21:13:32
37304000,0.0109,1,2023-05-08 21:13:32
37308000,0.0101,1,2023-05-08 21:13:32
37309000,0.1817,1,2023-05-08 21:13:32
37311000,0.0594,1,2023-05-08 21:13:32
37313000,0.064,1,2023-05-08 21:13:32
price,quantity,type,timestamp
37299000,0.0648,0,2023-05-08 21:13:33
37297000,0.0892,0,2023-05-08 21:13:33
37296000,0.0087,0,2023-05-08 21:13:33
37295000,0.1184,0,2023-05-08 21:13:33
37293000,0.0834,0,2023-05-08 21:13:33
37304000,0.0109,1,2023-05-08 21:13:33
37308000,0.0101,1,2023-05-08 21:13:33
37309000,0.1817,1,2023-05-08 21:13:33
37311000,0.0594,1,2023-05-08 21:13:33
37313000,0.064,1,2023-05-08 21:13:33
price,quantity,type,timestamp
37303000,0.1089,0,2023-05-08 21:13:34
37302000,0.039,0,2023-05-08 21:13:34
37300000,0.0872,0,2023-05-08 21:13:34
37299000,0.0648,0,2023-05-08 21:13:34
37298000,0.0528,0,2023-05-08 21:13:34
37308000,0.0101,1,2023-05-08 21:13:34
37311000,0.0594,1,2023-05-08 21:13:34
37312000,0.084,1,2023-05-08 21:13:34
37314000,0.0568,1,2023-05-08 21:13:34
37316000,0.0617,1,2023-05-08 21:13:34
price,quantity,type,timestamp
37303000,0.1089,0,2023-05-08 21:13:36
37302000,0.039,0,2023-05-08 21:13:36
37300000,0.0872,0,2023-05-08 21:13:36
37299000,0.0648,0,2023-05-08 21:13:36
37298000,0.0528,0,2023-05-08 21:13:36
37308000,0.0101,1,2023-05-08 21:13:36
37311000,0.0594,1,2023-05-08 21:13:36
37312000,0.084,1,2023-05-08 21:13:36
37314000,0.0568,1,2023-05-08 21:13:36
37315000,0.5358,1,2023-05-08 21:13:36
price,quantity,type,timestamp
37303000,0.1696,0,2023-05-08 21:13:37
37302000,0.039,0,2023-05-08 21:13:37
37300000,0.0872,0,2023-05-08 21:13:37
37299000,0.0648,0,2023-05-08 21:13:37
37297000,0.0892,0,2023-05-08 21:13:37
37308000,0.0101,1,2023-05-08 21:13:37
37311000,0.0594,1,2023-05-08 21:13:37
37312000,0.084,1,2023-05-08 21:13:37
37314000,0.0058,1,2023-05-08 21:13:37
37318000,0.7103,1,2023-05-08 21:13:37
price,quantity,type,timestamp
37303000,0.1696,0,2023-05-08 21:13:39
37302000,0.039,0,2023-05-08 21:13:39
37300000,0.0872,0,2023-05-08 21:13:39
37297000,0.0892,0,2023-05-08 21:13:39
37296000,0.0087,0,2023-05-08 21:13:39
37308000,0.0101,1,2023-05-08 21:13:39
37311000,0.0594,1,2023-05-08 21:13:39
37312000,0.084,1,2023-05-08 21:13:39
37314000,0.0058,1,2023-05-08 21:13:39
37317000,0.0617,1,2023-05-08 21:13:39
price,quantity,type,timestamp
37303000,0.1696,0,2023-05-08 21:13:40
37301000,0.0161,0,2023-05-08 21:13:40
37300000,0.0872,0,2023-05-08 21:13:40
37298000,0.0404,0,2023-05-08 21:13:40
37297000,0.0892,0,2023-05-08 21:13:40
37318000,0.6693,1,2023-05-08 21:13:40
37319000,0.1174,1,2023-05-08 21:13:40
37320000,0.0147,1,2023-05-08 21:13:40
37321000,0.0387,1,2023-05-08 21:13:40
37323000,1.3433,1,2023-05-08 21:13:40
price,quantity,type,timestamp
37305000,0.0872,0,2023-05-08 21:13:42
37303000,0.1696,0,2023-05-08 21:13:42
37302000,0.09,0,2023-05-08 21:13:42
37301000,0.0161,0,2023-05-08 21:13:42
37300000,0.0872,0,2023-05-08 21:13:42
37318000,0.7295,1,2023-05-08 21:13:42
37319000,0.1174,1,2023-05-08 21:13:42
37320000,0.0147,1,2023-05-08 21:13:42
37321000,0.0387,1,2023-05-08 21:13:42
37323000,1.3433,1,2023-05-08 21:13:42
price,quantity,type,timestamp
37305000,0.0872,0,2023-05-08 21:13:43
37303000,0.2414,0,2023-05-08 21:13:43
37302000,0.09,0,2023-05-08 21:13:43
37301000,0.0161,0,2023-05-08 21:13:43
37300000,0.0872,0,2023-05-08 21:13:43
37318000,0.7295,1,2023-05-08 21:13:43
37319000,0.1174,1,2023-05-08 21:13:43
37320000,0.0147,1,2023-05-08 21:13:43
37321000,0.0387,1,2023-05-08 21:13:43
37323000,1.3433,1,2023-05-08 21:13:43
price,quantity,type,timestamp
37305000,0.0611,0,2023-05-08 21:13:44
37303000,0.2414,0,2023-05-08 21:13:44
37302000,0.09,0,2023-05-08 21:13:44
37301000,0.0161,0,2023-05-08 21:13:44
37300000,0.0872,0,2023-05-08 21:13:44
37318000,0.194,1,2023-05-08 21:13:44
37319000,0.645,1,2023-05-08 21:13:44
37320000,0.0147,1,2023-05-08 21:13:44
37321000,0.0387,1,2023-05-08 21:13:44
37323000,1.3433,1,2023-05-08 21:13:44
price,quantity,type,timestamp
37305000,0.0611,0,2023-05-08 21:13:46
37303000,0.2414,0,2023-05-08 21:13:46
37302000,0.09,0,2023-05-08 21:13:46
37301000,0.0161,0,2023-05-08 21:13:46
37300000,0.0872,0,2023-05-08 21:13:46
37318000,0.7296,1,2023-05-08 21:13:46
37319000,0.1096,1,2023-05-08 21:13:46
37320000,0.0147,1,2023-05-08 21:13:46
37321000,0.0387,1,2023-05-08 21:13:46
37323000,1.3433,1,2023-05-08 21:13:46
price,quantity,type,timestamp
37305000,0.0611,0,2023-05-08 21:13:47
37303000,0.2414,0,2023-05-08 21:13:47
37302000,0.09,0,2023-05-08 21:13:47
37301000,0.0161,0,2023-05-08 21:13:47
37300000,0.0872,0,2023-05-08 21:13:47
37318000,0.1445,1,2023-05-08 21:13:47
37319000,0.6452,1,2023-05-08 21:13:47
37320000,0.0147,1,2023-05-08 21:13:47
37321000,0.0387,1,2023-05-08 21:13:47
37323000,1.3433,1,2023-05-08 21:13:47
price,quantity,type,timestamp
37305000,0.0611,0,2023-05-08 21:13:49
37303000,0.2414,0,2023-05-08 21:13:49
37302000,0.09,0,2023-05-08 21:13:49
37301000,0.0161,0,2023-05-08 21:13:49
37300000,0.0872,0,2023-05-08 21:13:49
37318000,0.1445,1,2023-05-08 21:13:49
37319000,0.6452,1,2023-05-08 21:13:49
37320000,0.0147,1,2023-05-08 21:13:49
37321000,0.0387,1,2023-05-08 21:13:49
37323000,1.3433,1,2023-05-08 21:13:49
price,quantity,type,timestamp
37305000,0.0611,0,2023-05-08 21:13:50
37303000,0.2414,0,2023-05-08 21:13:50
37302000,0.09,0,2023-05-08 21:13:50
37301000,0.0161,0,2023-05-08 21:13:50
37300000,0.0872,0,2023-05-08 21:13:50
37318000,0.1445,1,2023-05-08 21:13:50
37319000,0.1096,1,2023-05-08 21:13:50
37320000,0.0147,1,2023-05-08 21:13:50
37321000,0.0387,1,2023-05-08 21:13:50
37322000,0.5354,1,2023-05-08 21:13:50
price,quantity,type,timestamp
37305000,0.0611,0,2023-05-08 21:13:52
37303000,0.2414,0,2023-05-08 21:13:52
37302000,0.09,0,2023-05-08 21:13:52
37301000,0.0161,0,2023-05-08 21:13:52
37300000,0.0872,0,2023-05-08 21:13:52
37318000,0.1445,1,2023-05-08 21:13:52
37319000,0.1096,1,2023-05-08 21:13:52
37320000,0.0147,1,2023-05-08 21:13:52
37321000,0.0387,1,2023-05-08 21:13:52
37322000,0.5354,1,2023-05-08 21:13:52
price,quantity,type,timestamp
37305000,0.0611,0,2023-05-08 21:13:53
37303000,0.2414,0,2023-05-08 21:13:53
37302000,0.09,0,2023-05-08 21:13:53
37301000,0.0161,0,2023-05-08 21:13:53
37300000,0.0872,0,2023-05-08 21:13:53
37318000,0.1445,1,2023-05-08 21:13:53
37319000,0.1096,1,2023-05-08 21:13:53
37320000,0.0147,1,2023-05-08 21:13:53
37321000,0.0387,1,2023-05-08 21:13:53
37322000,0.5354,1,2023-05-08 21:13:53
price,quantity,type,timestamp
37307000,0.0258,0,2023-05-08 21:13:54
37303000,0.1089,0,2023-05-08 21:13:54
37301000,0.0161,0,2023-05-08 21:13:54
37297000,0.1357,0,2023-05-08 21:13:54
37296000,0.0651,0,2023-05-08 21:13:54
37310000,0.0893,1,2023-05-08 21:13:54
37311000,0.016,1,2023-05-08 21:13:54
37312000,0.1489,1,2023-05-08 21:13:54
37316000,0.1343,1,2023-05-08 21:13:54
37318000,0.1443,1,2023-05-08 21:13:54
price,quantity,type,timestamp
37307000,0.0044,0,2023-05-08 21:13:56
37303000,0.1089,0,2023-05-08 21:13:56
37301000,0.0161,0,2023-05-08 21:13:56
37300000,0.0003,0,2023-05-08 21:13:56
37297000,0.0892,0,2023-05-08 21:13:56
37309000,0.0048,1,2023-05-08 21:13:56
37310000,0.0893,1,2023-05-08 21:13:56
37311000,0.016,1,2023-05-08 21:13:56
37312000,0.1489,1,2023-05-08 21:13:56
37313000,0.04,1,2023-05-08 21:13:56
price,quantity,type,timestamp
37303000,0.0567,0,2023-05-08 21:13:57
37302000,0.4948,0,2023-05-08 21:13:57
37301000,0.0161,0,2023-05-08 21:13:57
37300000,0.0003,0,2023-05-08 21:13:57
37297000,0.0892,0,2023-05-08 21:13:57
37309000,0.0048,1,2023-05-08 21:13:57
37310000,0.0893,1,2023-05-08 21:13:57
37311000,0.016,1,2023-05-08 21:13:57
37312000,0.1489,1,2023-05-08 21:13:57
37313000,0.04,1,2023-05-08 21:13:57
price,quantity,type,timestamp
37302000,0.4948,0,2023-05-08 21:13:58
37301000,0.0161,0,2023-05-08 21:13:58
37300000,0.0003,0,2023-05-08 21:13:58
37297000,0.0892,0,2023-05-08 21:13:58
37296000,0.0651,0,2023-05-08 21:13:58
37309000,0.0048,1,2023-05-08 21:13:58
37310000,0.0893,1,2023-05-08 21:13:58
37311000,0.016,1,2023-05-08 21:13:58
37312000,0.1489,1,2023-05-08 21:13:58
37313000,0.04,1,2023-05-08 21:13:58
price,quantity,type,timestamp
37302000,0.4948,0,2023-05-08 21:14:00
37301000,0.0161,0,2023-05-08 21:14:00
37300000,0.0003,0,2023-05-08 21:14:00
37297000,0.0892,0,2023-05-08 21:14:00
37296000,0.0651,0,2023-05-08 21:14:00
37309000,0.0048,1,2023-05-08 21:14:00
37310000,0.0893,1,2023-05-08 21:14:00
37311000,0.016,1,2023-05-08 21:14:00
37312000,0.1489,1,2023-05-08 21:14:00
37313000,0.04,1,2023-05-08 21:14:00
price,quantity,type,timestamp
37302000,0.4948,0,2023-05-08 21:14:01
37301000,0.0161,0,2023-05-08 21:14:01
37300000,0.0003,0,2023-05-08 21:14:01
37297000,0.0892,0,2023-05-08 21:14:01
37296000,0.0651,0,2023-05-08 21:14:01
37309000,0.0048,1,2023-05-08 21:14:01
37310000,0.0893,1,2023-05-08 21:14:01
37311000,0.016,1,2023-05-08 21:14:01
37312000,0.1489,1,2023-05-08 21:14:01
37313000,0.04,1,2023-05-08 21:14:01
price,quantity,type,timestamp
37302000,0.4948,0,2023-05-08 21:14:02
37301000,0.0161,0,2023-05-08 21:14:02
37300000,0.0003,0,2023-05-08 21:14:02
37297000,0.0892,0,2023-05-08 21:14:02
37296000,0.0651,0,2023-05-08 21:14:02
37309000,0.0048,1,2023-05-08 21:14:02
37310000,0.0893,1,2023-05-08 21:14:02
37311000,0.016,1,2023-05-08 21:14:02
37312000,0.1489,1,2023-05-08 21:14:02
37313000,0.04,1,2023-05-08 21:14:02
price,quantity,type,timestamp
37309000,0.0003,0,2023-05-08 21:14:04
37306000,0.0851,0,2023-05-08 21:14:04
37305000,0.0209,0,2023-05-08 21:14:04
37303000,0.0836,0,2023-05-08 21:14:04
37302000,0.4948,0,2023-05-08 21:14:04
37318000,0.1443,1,2023-05-08 21:14:04
37319000,0.0452,1,2023-05-08 21:14:04
37320000,0.0147,1,2023-05-08 21:14:04
37321000,0.0386,1,2023-05-08 21:14:04
37323000,1.3433,1,2023-05-08 21:14:04
price,quantity,type,timestamp
37306000,0.0851,0,2023-05-08 21:14:05
37305000,0.0209,0,2023-05-08 21:14:05
37303000,0.0925,0,2023-05-08 21:14:05
37302000,0.5598,0,2023-05-08 21:14:05
37301000,0.0715,0,2023-05-08 21:14:05
37317000,0.0622,1,2023-05-08 21:14:05
37318000,0.0602,1,2023-05-08 21:14:05
37319000,0.0452,1,2023-05-08 21:14:05
37320000,0.1024,1,2023-05-08 21:14:05
37321000,0.0386,1,2023-05-08 21:14:05
price,quantity,type,timestamp
37309000,0.0014,0,2023-05-08 21:14:06
37306000,0.0851,0,2023-05-08 21:14:06
37305000,0.0209,0,2023-05-08 21:14:06
37303000,0.0925,0,2023-05-08 21:14:06
37302000,0.5598,0,2023-05-08 21:14:06
37317000,0.0086,1,2023-05-08 21:14:06
37318000,0.0602,1,2023-05-08 21:14:06
37319000,0.0452,1,2023-05-08 21:14:06
37320000,0.1024,1,2023-05-08 21:14:06
37321000,0.0386,1,2023-05-08 21:14:06
price,quantity,type,timestamp
37309000,0.0014,0,2023-05-08 21:14:08
37306000,0.0851,0,2023-05-08 21:14:08
37305000,0.0209,0,2023-05-08 21:14:08
37303000,0.0925,0,2023-05-08 21:14:08
37302000,0.5598,0,2023-05-08 21:14:08
37317000,0.0086,1,2023-05-08 21:14:08
37318000,0.0602,1,2023-05-08 21:14:08
37319000,0.0452,1,2023-05-08 21:14:08
37320000,0.1024,1,2023-05-08 21:14:08
37321000,0.0386,1,2023-05-08 21:14:08
price,quantity,type,timestamp
37309000,0.0014,0,2023-05-08 21:14:09
37306000,0.0851,0,2023-05-08 21:14:09
37305000,0.0209,0,2023-05-08 21:14:09
37303000,0.0925,0,2023-05-08 21:14:09
37302000,0.5598,0,2023-05-08 21:14:09
37317000,0.0086,1,2023-05-08 21:14:09
37318000,0.0602,1,2023-05-08 21:14:09
37319000,0.0452,1,2023-05-08 21:14:09
37320000,0.1024,1,2023-05-08 21:14:09
37321000,0.0386,1,2023-05-08 21:14:09
price,quantity,type,timestamp
37309000,0.0872,0,2023-05-08 21:14:10
37306000,0.0851,0,2023-05-08 21:14:10
37305000,0.0209,0,2023-05-08 21:14:10
37303000,0.0925,0,2023-05-08 21:14:10
37302000,0.6008,0,2023-05-08 21:14:10
37318000,0.0052,1,2023-05-08 21:14:10
37319000,0.0452,1,2023-05-08 21:14:10
37320000,0.0675,1,2023-05-08 21:14:10
37323000,1.3433,1,2023-05-08 21:14:10
37325000,0.0638,1,2023-05-08 21:14:10
price,quantity,type,timestamp
37309000,0.0872,0,2023-05-08 21:14:12
37306000,0.0851,0,2023-05-08 21:14:12
37305000,0.0209,0,2023-05-08 21:14:12
37303000,0.0925,0,2023-05-08 21:14:12
37302000,0.6008,0,2023-05-08 21:14:12
37318000,0.0052,1,2023-05-08 21:14:12
37319000,0.0452,1,2023-05-08 21:14:12
37320000,0.0675,1,2023-05-08 21:14:12
37323000,1.3433,1,2023-05-08 21:14:12
37325000,0.0638,1,2023-05-08 21:14:12
price,quantity,type,timestamp
37309000,0.0872,0,2023-05-08 21:14:13
37306000,0.0851,0,2023-05-08 21:14:13
37305000,0.0209,0,2023-05-08 21:14:13
37303000,0.0925,0,2023-05-08 21:14:13
37302000,0.6008,0,2023-05-08 21:14:13
37319000,0.041,1,2023-05-08 21:14:13
37320000,0.0675,1,2023-05-08 21:14:13
37323000,1.8786,1,2023-05-08 21:14:13
37325000,0.0638,1,2023-05-08 21:14:13
37327000,0.0566,1,2023-05-08 21:14:13
price,quantity,type,timestamp
