price,quantity,type,timestamp
37488000,0.0263,0,2023-05-08 16:56:32
37486000,0.0229,0,2023-05-08 16:56:32
37484000,0.08,0,2023-05-08 16:56:32
37480000,0.5329,0,2023-05-08 16:56:32
37477000,1.3099,0,2023-05-08 16:56:32
37496000,0.088,1,2023-05-08 16:56:32
37497000,0.0846,1,2023-05-08 16:56:32
37499000,0.0524,1,2023-05-08 16:56:32
37500000,0.2535,1,2023-05-08 16:56:32
37501000,0.1537,1,2023-05-08 16:56:32
price,quantity,type,timestamp
37486000,0.0229,0,2023-05-08 16:56:35
37484000,0.08,0,2023-05-08 16:56:35
37480000,0.5329,0,2023-05-08 16:56:35
37477000,1.3099,0,2023-05-08 16:56:35
37476000,1.302,0,2023-05-08 16:56:35
37488000,0.0913,1,2023-05-08 16:56:35
37496000,0.088,1,2023-05-08 16:56:35
37497000,0.0846,1,2023-05-08 16:56:35
37499000,0.0524,1,2023-05-08 16:56:35
37500000,0.2535,1,2023-05-08 16:56:35
price,quantity,type,timestamp
37495000,0.0415,0,2023-05-08 16:56:37
37487000,0.0214,0,2023-05-08 16:56:37
37486000,0.077,0,2023-05-08 16:56:37
37485000,0.5328,0,2023-05-08 16:56:37
37484000,0.08,0,2023-05-08 16:56:37
37496000,0.0816,1,2023-05-08 16:56:37
37499000,0.0471,1,2023-05-08 16:56:37
37500000,0.2535,1,2023-05-08 16:56:37
37501000,0.0892,1,2023-05-08 16:56:37
37502000,0.0593,1,2023-05-08 16:56:37
price,quantity,type,timestamp
37495000,0.0415,0,2023-05-08 16:56:39
37490000,0.5328,0,2023-05-08 16:56:39
37489000,0.0278,0,2023-05-08 16:56:39
37488000,1.302,0,2023-05-08 16:56:39
37487000,0.0214,0,2023-05-08 16:56:39
37496000,0.0745,1,2023-05-08 16:56:39
37500000,0.2535,1,2023-05-08 16:56:39
37504000,0.0863,1,2023-05-08 16:56:39
37506000,0.0151,1,2023-05-08 16:56:39
37507000,0.0497,1,2023-05-08 16:56:39
price,quantity,type,timestamp
37496000,1.2388,0,2023-05-08 16:56:41
37489000,0.0278,0,2023-05-08 16:56:41
37487000,0.0214,0,2023-05-08 16:56:41
37486000,0.077,0,2023-05-08 16:56:41
37485000,0.0052,0,2023-05-08 16:56:41
37500000,0.2535,1,2023-05-08 16:56:41
37504000,0.0863,1,2023-05-08 16:56:41
37506000,0.0151,1,2023-05-08 16:56:41
37507000,0.0497,1,2023-05-08 16:56:41
37508000,0.0636,1,2023-05-08 16:56:41
price,quantity,type,timestamp
37496000,1.2385,0,2023-05-08 16:56:43
37491000,0.5328,0,2023-05-08 16:56:43
37489000,0.0278,0,2023-05-08 16:56:43
37487000,0.0214,0,2023-05-08 16:56:43
37486000,0.077,0,2023-05-08 16:56:43
37500000,0.2464,1,2023-05-08 16:56:43
37506000,0.1045,1,2023-05-08 16:56:43
37507000,0.0497,1,2023-05-08 16:56:43
37508000,0.0636,1,2023-05-08 16:56:43
37512000,0.14,1,2023-05-08 16:56:43
price,quantity,type,timestamp
37496000,0.3726,0,2023-05-08 16:56:44
37495000,0.5328,0,2023-05-08 16:56:44
37489000,0.0278,0,2023-05-08 16:56:44
37487000,0.0214,0,2023-05-08 16:56:44
37486000,0.077,0,2023-05-08 16:56:44
37500000,0.2464,1,2023-05-08 16:56:44
37506000,0.1045,1,2023-05-08 16:56:44
37507000,0.0497,1,2023-05-08 16:56:44
37508000,0.0636,1,2023-05-08 16:56:44
37512000,0.14,1,2023-05-08 16:56:44
price,quantity,type,timestamp
37496000,0.1341,0,2023-05-08 16:56:46
37495000,0.5328,0,2023-05-08 16:56:46
37492000,1.302,0,2023-05-08 16:56:46
37489000,0.0278,0,2023-05-08 16:56:46
37487000,0.0214,0,2023-05-08 16:56:46
37500000,0.2393,1,2023-05-08 16:56:46
37506000,0.1045,1,2023-05-08 16:56:46
37507000,0.0497,1,2023-05-08 16:56:46
37508000,0.0636,1,2023-05-08 16:56:46
37512000,0.14,1,2023-05-08 16:56:46
price,quantity,type,timestamp
37496000,0.1216,0,2023-05-08 16:56:48
37495000,0.5328,0,2023-05-08 16:56:48
37492000,1.302,0,2023-05-08 16:56:48
37489000,0.0278,0,2023-05-08 16:56:48
37487000,0.0214,0,2023-05-08 16:56:48
37500000,0.2322,1,2023-05-08 16:56:48
37506000,0.1045,1,2023-05-08 16:56:48
37507000,0.0497,1,2023-05-08 16:56:48
37508000,0.0636,1,2023-05-08 16:56:48
37512000,0.14,1,2023-05-08 16:56:48
price,quantity,type,timestamp
37497000,0.5328,0,2023-05-08 16:56:50
37496000,0.1695,0,2023-05-08 16:56:50
37492000,1.302,0,2023-05-08 16:56:50
37489000,0.033,0,2023-05-08 16:56:50
37487000,0.0214,0,2023-05-08 16:56:50
37500000,0.0819,1,2023-05-08 16:56:50
37512000,0.0847,1,2023-05-08 16:56:50
37514000,0.016,1,2023-05-08 16:56:50
37515000,0.0047,1,2023-05-08 16:56:50
37516000,0.0577,1,2023-05-08 16:56:50
price,quantity,type,timestamp
37497000,0.5606,0,2023-05-08 16:56:52
37496000,0.1722,0,2023-05-08 16:56:52
37492000,1.302,0,2023-05-08 16:56:52
37489000,0.0052,0,2023-05-08 16:56:52
37487000,0.0214,0,2023-05-08 16:56:52
37500000,0.0659,1,2023-05-08 16:56:52
37509000,0.088,1,2023-05-08 16:56:52
37512000,0.0847,1,2023-05-08 16:56:52
37514000,0.016,1,2023-05-08 16:56:52
37515000,0.0047,1,2023-05-08 16:56:52
price,quantity,type,timestamp
37507000,0.0412,0,2023-05-08 16:56:55
37500000,1.302,0,2023-05-08 16:56:55
37497000,0.033,0,2023-05-08 16:56:55
37496000,0.1722,0,2023-05-08 16:56:55
37487000,0.0214,0,2023-05-08 16:56:55
37515000,0.0047,1,2023-05-08 16:56:55
37516000,0.0885,1,2023-05-08 16:56:55
37519000,0.0574,1,2023-05-08 16:56:55
37520000,0.0494,1,2023-05-08 16:56:55
37523000,0.1968,1,2023-05-08 16:56:55
price,quantity,type,timestamp
37508000,0.5328,0,2023-05-08 16:56:57
37507000,0.0412,0,2023-05-08 16:56:57
37500000,1.302,0,2023-05-08 16:56:57
37497000,1.3298,0,2023-05-08 16:56:57
37496000,0.1722,0,2023-05-08 16:56:57
37519000,0.1422,1,2023-05-08 16:56:57
37520000,0.0494,1,2023-05-08 16:56:57
37523000,0.1968,1,2023-05-08 16:56:57
37524000,0.1427,1,2023-05-08 16:56:57
37526000,0.0577,1,2023-05-08 16:56:57
price,quantity,type,timestamp
37508000,0.5328,0,2023-05-08 16:56:59
37500000,1.302,0,2023-05-08 16:56:59
37497000,1.3298,0,2023-05-08 16:56:59
37496000,0.0506,0,2023-05-08 16:56:59
37487000,0.0214,0,2023-05-08 16:56:59
37519000,0.1298,1,2023-05-08 16:56:59
37520000,0.0494,1,2023-05-08 16:56:59
37523000,0.1968,1,2023-05-08 16:56:59
37524000,0.1427,1,2023-05-08 16:56:59
37526000,0.0577,1,2023-05-08 16:56:59
price,quantity,type,timestamp
37508000,0.5328,0,2023-05-08 16:57:01
37500000,1.302,0,2023-05-08 16:57:01
37497000,1.3298,0,2023-05-08 16:57:01
37496000,0.0506,0,2023-05-08 16:57:01
37487000,0.0214,0,2023-05-08 16:57:01
37519000,0.1203,1,2023-05-08 16:57:01
37520000,0.0583,1,2023-05-08 16:57:01
37523000,0.1968,1,2023-05-08 16:57:01
37524000,0.1427,1,2023-05-08 16:57:01
37526000,0.0577,1,2023-05-08 16:57:01
price,quantity,type,timestamp
37501000,0.0052,0,2023-05-08 16:57:03
37500000,1.302,0,2023-05-08 16:57:03
37497000,1.3298,0,2023-05-08 16:57:03
37496000,0.0506,0,2023-05-08 16:57:03
37487000,0.0214,0,2023-05-08 16:57:03
37519000,0.1144,1,2023-05-08 16:57:03
37520000,0.0583,1,2023-05-08 16:57:03
37523000,0.1968,1,2023-05-08 16:57:03
37524000,0.1427,1,2023-05-08 16:57:03
37526000,0.0982,1,2023-05-08 16:57:03
price,quantity,type,timestamp
37502000,0.5328,0,2023-05-08 16:57:05
37501000,0.0052,0,2023-05-08 16:57:05
37500000,1.302,0,2023-05-08 16:57:05
37497000,1.3298,0,2023-05-08 16:57:05
37496000,0.0506,0,2023-05-08 16:57:05
37519000,0.0805,1,2023-05-08 16:57:05
37520000,0.0583,1,2023-05-08 16:57:05
37523000,0.1968,1,2023-05-08 16:57:05
37524000,0.1585,1,2023-05-08 16:57:05
37526000,0.0982,1,2023-05-08 16:57:05
price,quantity,type,timestamp
37503000,0.0052,0,2023-05-08 16:57:07
37500000,1.302,0,2023-05-08 16:57:07
37497000,1.3298,0,2023-05-08 16:57:07
37496000,0.0506,0,2023-05-08 16:57:07
37490000,0.5326,0,2023-05-08 16:57:07
37519000,0.0559,1,2023-05-08 16:57:07
37520000,0.0494,1,2023-05-08 16:57:07
37523000,0.1352,1,2023-05-08 16:57:07
37524000,0.1585,1,2023-05-08 16:57:07
37526000,0.0898,1,2023-05-08 16:57:07
price,quantity,type,timestamp
37505000,0.0258,0,2023-05-08 16:57:09
37504000,0.5326,0,2023-05-08 16:57:09
37503000,0.0052,0,2023-05-08 16:57:09
37500000,1.302,0,2023-05-08 16:57:09
37497000,1.302,0,2023-05-08 16:57:09
37519000,0.0464,1,2023-05-08 16:57:09
37520000,0.0772,1,2023-05-08 16:57:09
37523000,0.1352,1,2023-05-08 16:57:09
37524000,0.1585,1,2023-05-08 16:57:09
37526000,0.0898,1,2023-05-08 16:57:09
price,quantity,type,timestamp
37507000,0.5325,0,2023-05-08 16:57:11
37506000,0.0052,0,2023-05-08 16:57:11
37505000,0.0258,0,2023-05-08 16:57:11
37503000,0.0559,0,2023-05-08 16:57:11
37500000,1.302,0,2023-05-08 16:57:11
37520000,0.0407,1,2023-05-08 16:57:11
37521000,0.0618,1,2023-05-08 16:57:11
37523000,0.1352,1,2023-05-08 16:57:11
37524000,0.1585,1,2023-05-08 16:57:11
37526000,0.0898,1,2023-05-08 16:57:11
price,quantity,type,timestamp
37516000,1.302,0,2023-05-08 16:57:13
37513000,0.0278,0,2023-05-08 16:57:13
37509000,0.5325,0,2023-05-08 16:57:13
37506000,0.0052,0,2023-05-08 16:57:13
37504000,0.0014,0,2023-05-08 16:57:13
37523000,0.1352,1,2023-05-08 16:57:13
37524000,0.0049,1,2023-05-08 16:57:13
37526000,0.0321,1,2023-05-08 16:57:13
37527000,0.0108,1,2023-05-08 16:57:13
37529000,0.0501,1,2023-05-08 16:57:13
price,quantity,type,timestamp
37516000,1.302,0,2023-05-08 16:57:15
37515000,0.5325,0,2023-05-08 16:57:15
37513000,0.0278,0,2023-05-08 16:57:15
37506000,1.302,0,2023-05-08 16:57:15
37504000,0.0014,0,2023-05-08 16:57:15
37523000,0.1069,1,2023-05-08 16:57:15
37529000,0.0408,1,2023-05-08 16:57:15
37531000,0.0866,1,2023-05-08 16:57:15
37532000,0.0835,1,2023-05-08 16:57:15
37533000,0.0056,1,2023-05-08 16:57:15
price,quantity,type,timestamp
37516000,1.302,0,2023-05-08 16:57:16
37515000,0.5325,0,2023-05-08 16:57:16
37513000,0.0278,0,2023-05-08 16:57:16
37506000,1.302,0,2023-05-08 16:57:16
37504000,0.0014,0,2023-05-08 16:57:16
37523000,0.1069,1,2023-05-08 16:57:16
37529000,0.0408,1,2023-05-08 16:57:16
37531000,0.0866,1,2023-05-08 16:57:16
37532000,0.0835,1,2023-05-08 16:57:16
37533000,0.0056,1,2023-05-08 16:57:16
price,quantity,type,timestamp
37516000,1.302,0,2023-05-08 16:57:18
37513000,0.5325,0,2023-05-08 16:57:18
37506000,1.302,0,2023-05-08 16:57:18
37505000,0.0278,0,2023-05-08 16:57:18
37504000,0.0014,0,2023-05-08 16:57:18
37522000,0.0832,1,2023-05-08 16:57:18
37523000,0.0594,1,2023-05-08 16:57:18
37526000,0.0876,1,2023-05-08 16:57:18
37528000,0.0088,1,2023-05-08 16:57:18
37529000,0.1253,1,2023-05-08 16:57:18
price,quantity,type,timestamp
37513000,0.5325,0,2023-05-08 16:57:21
37506000,1.302,0,2023-05-08 16:57:21
37505000,0.0278,0,2023-05-08 16:57:21
37504000,0.0014,0,2023-05-08 16:57:21
37503000,0.0573,0,2023-05-08 16:57:21
37514000,0.0197,1,2023-05-08 16:57:21
37516000,0.1135,1,2023-05-08 16:57:21
37521000,0.0883,1,2023-05-08 16:57:21
37523000,0.0152,1,2023-05-08 16:57:21
37525000,0.0052,1,2023-05-08 16:57:21
price,quantity,type,timestamp
37513000,0.5325,0,2023-05-08 16:57:23
37506000,0.0087,0,2023-05-08 16:57:23
37505000,0.0278,0,2023-05-08 16:57:23
37504000,0.0865,0,2023-05-08 16:57:23
37503000,0.0573,0,2023-05-08 16:57:23
37521000,0.0865,1,2023-05-08 16:57:23
37523000,0.0152,1,2023-05-08 16:57:23
37524000,0.0857,1,2023-05-08 16:57:23
37525000,0.0052,1,2023-05-08 16:57:23
37526000,0.0456,1,2023-05-08 16:57:23
price,quantity,type,timestamp
37513000,0.5325,0,2023-05-08 16:57:25
37506000,0.0087,0,2023-05-08 16:57:25
37505000,0.0278,0,2023-05-08 16:57:25
37504000,0.0865,0,2023-05-08 16:57:25
37503000,0.0573,0,2023-05-08 16:57:25
37521000,0.0865,1,2023-05-08 16:57:25
37523000,0.0152,1,2023-05-08 16:57:25
37524000,0.0857,1,2023-05-08 16:57:25
37525000,0.0052,1,2023-05-08 16:57:25
37526000,0.0456,1,2023-05-08 16:57:25
price,quantity,type,timestamp
37513000,0.5296,0,2023-05-08 16:57:28
37508000,0.0052,0,2023-05-08 16:57:28
37506000,0.0114,0,2023-05-08 16:57:28
37505000,0.0278,0,2023-05-08 16:57:28
37504000,0.0865,0,2023-05-08 16:57:28
37523000,0.0152,1,2023-05-08 16:57:28
37525000,0.0052,1,2023-05-08 16:57:28
37526000,0.0456,1,2023-05-08 16:57:28
37527000,0.084,1,2023-05-08 16:57:28
37528000,0.0907,1,2023-05-08 16:57:28
price,quantity,type,timestamp
37510000,0.0884,0,2023-05-08 16:57:29
37508000,0.0052,0,2023-05-08 16:57:29
37507000,0.0873,0,2023-05-08 16:57:29
37506000,0.0114,0,2023-05-08 16:57:29
37505000,0.0278,0,2023-05-08 16:57:29
37528000,0.0416,1,2023-05-08 16:57:29
37531000,0.0866,1,2023-05-08 16:57:29
37532000,0.0835,1,2023-05-08 16:57:29
37533000,0.0056,1,2023-05-08 16:57:29
37535000,0.063,1,2023-05-08 16:57:29
price,quantity,type,timestamp
37520000,0.5325,0,2023-05-08 16:57:31
37519000,1.302,0,2023-05-08 16:57:31
37515000,0.0092,0,2023-05-08 16:57:31
37514000,0.0867,0,2023-05-08 16:57:31
37510000,0.0884,0,2023-05-08 16:57:31
37531000,0.0866,1,2023-05-08 16:57:31
37532000,0.0835,1,2023-05-08 16:57:31
37533000,0.0056,1,2023-05-08 16:57:31
37536000,0.0546,1,2023-05-08 16:57:31
37537000,0.041,1,2023-05-08 16:57:31
price,quantity,type,timestamp
37522000,0.0089,0,2023-05-08 16:57:33
37521000,0.5325,0,2023-05-08 16:57:33
37520000,0.0052,0,2023-05-08 16:57:33
37519000,1.302,0,2023-05-08 16:57:33
37515000,0.0092,0,2023-05-08 16:57:33
37532000,0.0316,1,2023-05-08 16:57:33
37533000,0.0056,1,2023-05-08 16:57:33
37537000,0.041,1,2023-05-08 16:57:33
37538000,0.0436,1,2023-05-08 16:57:33
37539000,0.0658,1,2023-05-08 16:57:33
price,quantity,type,timestamp
37521000,0.5027,0,2023-05-08 16:57:36
37519000,1.302,0,2023-05-08 16:57:36
37514000,0.0278,0,2023-05-08 16:57:36
37510000,0.0884,0,2023-05-08 16:57:36
37507000,0.0873,0,2023-05-08 16:57:36
37530000,0.0834,1,2023-05-08 16:57:36
37531000,0.0839,1,2023-05-08 16:57:36
37532000,0.0394,1,2023-05-08 16:57:36
37533000,0.0056,1,2023-05-08 16:57:36
37536000,0.1038,1,2023-05-08 16:57:36
price,quantity,type,timestamp
37519000,1.302,0,2023-05-08 16:57:37
37517000,0.0052,0,2023-05-08 16:57:37
37514000,0.0278,0,2023-05-08 16:57:37
37513000,0.5325,0,2023-05-08 16:57:37
37510000,0.0884,0,2023-05-08 16:57:37
37530000,0.0834,1,2023-05-08 16:57:37
37531000,0.0839,1,2023-05-08 16:57:37
37532000,0.0394,1,2023-05-08 16:57:37
37533000,0.0056,1,2023-05-08 16:57:37
37536000,0.1038,1,2023-05-08 16:57:37
price,quantity,type,timestamp
37520000,0.5325,0,2023-05-08 16:57:39
37519000,1.302,0,2023-05-08 16:57:39
37517000,0.0142,0,2023-05-08 16:57:39
37513000,0.0837,0,2023-05-08 16:57:39
37510000,0.0884,0,2023-05-08 16:57:39
37531000,0.0839,1,2023-05-08 16:57:39
37532000,0.0316,1,2023-05-08 16:57:39
37533000,0.0056,1,2023-05-08 16:57:39
37536000,0.1038,1,2023-05-08 16:57:39
37537000,0.041,1,2023-05-08 16:57:39
price,quantity,type,timestamp
37517000,0.009,0,2023-05-08 16:57:42
37516000,1.302,0,2023-05-08 16:57:42
37514000,0.0278,0,2023-05-08 16:57:42
37513000,1.3857,0,2023-05-08 16:57:42
37510000,0.0884,0,2023-05-08 16:57:42
37532000,0.1023,1,2023-05-08 16:57:42
37533000,0.0056,1,2023-05-08 16:57:42
37536000,0.0865,1,2023-05-08 16:57:42
37537000,0.08,1,2023-05-08 16:57:42
37538000,0.1072,1,2023-05-08 16:57:42
price,quantity,type,timestamp
37518000,0.0052,0,2023-05-08 16:57:43
37517000,0.009,0,2023-05-08 16:57:43
37516000,1.302,0,2023-05-08 16:57:43
37514000,0.0278,0,2023-05-08 16:57:43
37513000,1.3857,0,2023-05-08 16:57:43
37531000,0.0072,1,2023-05-08 16:57:43
37532000,0.1023,1,2023-05-08 16:57:43
37533000,0.0056,1,2023-05-08 16:57:43
37536000,0.0865,1,2023-05-08 16:57:43
37537000,0.08,1,2023-05-08 16:57:43
price,quantity,type,timestamp
37519000,0.5325,0,2023-05-08 16:57:46
37518000,0.0052,0,2023-05-08 16:57:46
37517000,0.009,0,2023-05-08 16:57:46
37516000,1.302,0,2023-05-08 16:57:46
37514000,0.0278,0,2023-05-08 16:57:46
37531000,0.0072,1,2023-05-08 16:57:46
37532000,0.1023,1,2023-05-08 16:57:46
37533000,0.0056,1,2023-05-08 16:57:46
37536000,0.0865,1,2023-05-08 16:57:46
37537000,0.08,1,2023-05-08 16:57:46
price,quantity,type,timestamp
37522000,0.5325,0,2023-05-08 16:57:48
37521000,0.0137,0,2023-05-08 16:57:48
37518000,0.0011,0,2023-05-08 16:57:48
37517000,0.009,0,2023-05-08 16:57:48
37516000,1.302,0,2023-05-08 16:57:48
37531000,0.0001,1,2023-05-08 16:57:48
37532000,0.0162,1,2023-05-08 16:57:48
37533000,0.0056,1,2023-05-08 16:57:48
37536000,0.0865,1,2023-05-08 16:57:48
37537000,0.08,1,2023-05-08 16:57:48
price,quantity,type,timestamp
37531000,0.0002,0,2023-05-08 16:57:50
37523000,0.5325,0,2023-05-08 16:57:50
37521000,0.0052,0,2023-05-08 16:57:50
37518000,0.0011,0,2023-05-08 16:57:50
37517000,0.0628,0,2023-05-08 16:57:50
37536000,0.0865,1,2023-05-08 16:57:50
37537000,0.041,1,2023-05-08 16:57:50
37538000,0.0436,1,2023-05-08 16:57:50
37539000,0.0324,1,2023-05-08 16:57:50
37540000,0.0631,1,2023-05-08 16:57:50
price,quantity,type,timestamp
37518000,0.0011,0,2023-05-08 16:57:52
37517000,0.0538,0,2023-05-08 16:57:52
37516000,1.302,0,2023-05-08 16:57:52
37513000,1.302,0,2023-05-08 16:57:52
37507000,0.0873,0,2023-05-08 16:57:52
37527000,0.0695,1,2023-05-08 16:57:52
37529000,0.1855,1,2023-05-08 16:57:52
37530000,0.0693,1,2023-05-08 16:57:52
37531000,0.0156,1,2023-05-08 16:57:52
37532000,0.0854,1,2023-05-08 16:57:52
price,quantity,type,timestamp
37518000,0.0011,0,2023-05-08 16:57:54
37517000,0.0538,0,2023-05-08 16:57:54
37513000,1.302,0,2023-05-08 16:57:54
37510000,0.0881,0,2023-05-08 16:57:54
37509000,0.0052,0,2023-05-08 16:57:54
37527000,0.1034,1,2023-05-08 16:57:54
37529000,0.241,1,2023-05-08 16:57:54
37530000,0.0056,1,2023-05-08 16:57:54
37531000,0.0156,1,2023-05-08 16:57:54
37532000,0.0854,1,2023-05-08 16:57:54
price,quantity,type,timestamp
37518000,0.0011,0,2023-05-08 16:57:56
37517000,0.0538,0,2023-05-08 16:57:56
37513000,1.302,0,2023-05-08 16:57:56
37510000,0.0881,0,2023-05-08 16:57:56
37509000,0.0052,0,2023-05-08 16:57:56
37527000,0.1034,1,2023-05-08 16:57:56
37529000,0.241,1,2023-05-08 16:57:56
37530000,0.0056,1,2023-05-08 16:57:56
37531000,0.0156,1,2023-05-08 16:57:56
37532000,0.0854,1,2023-05-08 16:57:56
price,quantity,type,timestamp
37518000,0.0011,0,2023-05-08 16:57:57
37517000,0.0538,0,2023-05-08 16:57:57
37516000,0.0159,0,2023-05-08 16:57:57
37513000,1.302,0,2023-05-08 16:57:57
37510000,0.0881,0,2023-05-08 16:57:57
37527000,0.0963,1,2023-05-08 16:57:57
37529000,0.2748,1,2023-05-08 16:57:57
37530000,0.0056,1,2023-05-08 16:57:57
37531000,0.0156,1,2023-05-08 16:57:57
37532000,0.0854,1,2023-05-08 16:57:57
price,quantity,type,timestamp
37518000,0.0011,0,2023-05-08 16:57:59
37517000,0.0538,0,2023-05-08 16:57:59
37516000,0.0159,0,2023-05-08 16:57:59
37513000,1.302,0,2023-05-08 16:57:59
37510000,0.0881,0,2023-05-08 16:57:59
37527000,0.0963,1,2023-05-08 16:57:59
37529000,0.2748,1,2023-05-08 16:57:59
37530000,0.0056,1,2023-05-08 16:57:59
37531000,0.0156,1,2023-05-08 16:57:59
37532000,0.0854,1,2023-05-08 16:57:59
price,quantity,type,timestamp
37518000,0.0011,0,2023-05-08 16:58:00
37517000,0.0538,0,2023-05-08 16:58:00
37516000,0.0159,0,2023-05-08 16:58:00
37510000,0.0881,0,2023-05-08 16:58:00
37509000,0.0416,0,2023-05-08 16:58:00
37527000,0.0963,1,2023-05-08 16:58:00
37529000,0.2748,1,2023-05-08 16:58:00
37530000,0.0056,1,2023-05-08 16:58:00
37531000,0.0156,1,2023-05-08 16:58:00
37532000,0.0854,1,2023-05-08 16:58:00
price,quantity,type,timestamp
37518000,0.0011,0,2023-05-08 16:58:01
37517000,0.0538,0,2023-05-08 16:58:01
37516000,0.0159,0,2023-05-08 16:58:01
37510000,0.0881,0,2023-05-08 16:58:01
37509000,0.1116,0,2023-05-08 16:58:01
37527000,0.0963,1,2023-05-08 16:58:01
37529000,0.2748,1,2023-05-08 16:58:01
37530000,0.0056,1,2023-05-08 16:58:01
37531000,0.0156,1,2023-05-08 16:58:01
37532000,0.0854,1,2023-05-08 16:58:01
price,quantity,type,timestamp
37518000,0.0549,0,2023-05-08 16:58:02
37517000,0.0538,0,2023-05-08 16:58:02
37516000,0.0159,0,2023-05-08 16:58:02
37513000,1.302,0,2023-05-08 16:58:02
37510000,0.0881,0,2023-05-08 16:58:02
37527000,0.0963,1,2023-05-08 16:58:02
37529000,0.2748,1,2023-05-08 16:58:02
37530000,0.0056,1,2023-05-08 16:58:02
37531000,0.0156,1,2023-05-08 16:58:02
37532000,0.0854,1,2023-05-08 16:58:02
price,quantity,type,timestamp
37518000,0.0549,0,2023-05-08 16:58:04
37517000,0.0538,0,2023-05-08 16:58:04
37516000,0.0159,0,2023-05-08 16:58:04
37513000,1.302,0,2023-05-08 16:58:04
37510000,0.1581,0,2023-05-08 16:58:04
37523000,0.2544,1,2023-05-08 16:58:04
37527000,0.0963,1,2023-05-08 16:58:04
37529000,0.1546,1,2023-05-08 16:58:04
37530000,0.0056,1,2023-05-08 16:58:04
37531000,0.0156,1,2023-05-08 16:58:04
price,quantity,type,timestamp
37518000,0.0549,0,2023-05-08 16:58:05
37517000,0.0538,0,2023-05-08 16:58:05
37516000,0.0159,0,2023-05-08 16:58:05
37510000,0.1581,0,2023-05-08 16:58:05
37509000,0.1116,0,2023-05-08 16:58:05
37523000,0.2544,1,2023-05-08 16:58:05
37527000,0.1309,1,2023-05-08 16:58:05
37529000,0.1546,1,2023-05-08 16:58:05
37530000,0.0056,1,2023-05-08 16:58:05
37531000,0.0156,1,2023-05-08 16:58:05
price,quantity,type,timestamp
37518000,0.0549,0,2023-05-08 16:58:07
37517000,0.0538,0,2023-05-08 16:58:07
37516000,0.0159,0,2023-05-08 16:58:07
37515000,0.0088,0,2023-05-08 16:58:07
37510000,0.1581,0,2023-05-08 16:58:07
37523000,0.2473,1,2023-05-08 16:58:07
37527000,0.0346,1,2023-05-08 16:58:07
37529000,0.1332,1,2023-05-08 16:58:07
37530000,0.0056,1,2023-05-08 16:58:07
37531000,0.0156,1,2023-05-08 16:58:07
price,quantity,type,timestamp
37518000,0.0549,0,2023-05-08 16:58:08
37517000,0.0538,0,2023-05-08 16:58:08
37516000,0.0159,0,2023-05-08 16:58:08
37515000,0.0088,0,2023-05-08 16:58:08
37514000,0.088,0,2023-05-08 16:58:08
37523000,0.2083,1,2023-05-08 16:58:08
37527000,0.0346,1,2023-05-08 16:58:08
37529000,0.0439,1,2023-05-08 16:58:08
37530000,0.0681,1,2023-05-08 16:58:08
37531000,0.0156,1,2023-05-08 16:58:08
price,quantity,type,timestamp
37518000,0.0549,0,2023-05-08 16:58:10
37517000,0.0538,0,2023-05-08 16:58:10
37510000,0.1633,0,2023-05-08 16:58:10
37509000,0.1116,0,2023-05-08 16:58:10
37507000,0.0873,0,2023-05-08 16:58:10
37523000,0.1609,1,2023-05-08 16:58:10
37527000,0.0741,1,2023-05-08 16:58:10
37529000,0.0439,1,2023-05-08 16:58:10
37530000,0.1528,1,2023-05-08 16:58:10
37531000,0.0156,1,2023-05-08 16:58:10
price,quantity,type,timestamp
37518000,0.0549,0,2023-05-08 16:58:11
37517000,0.0538,0,2023-05-08 16:58:11
37512000,0.5321,0,2023-05-08 16:58:11
37510000,0.1633,0,2023-05-08 16:58:11
37509000,0.1116,0,2023-05-08 16:58:11
37523000,0.1609,1,2023-05-08 16:58:11
37527000,0.0741,1,2023-05-08 16:58:11
37529000,0.0439,1,2023-05-08 16:58:11
37530000,0.1528,1,2023-05-08 16:58:11
37531000,0.0156,1,2023-05-08 16:58:11
price,quantity,type,timestamp
37518000,0.0549,0,2023-05-08 16:58:12
37517000,0.0538,0,2023-05-08 16:58:12
37512000,0.5321,0,2023-05-08 16:58:12
37510000,0.1633,0,2023-05-08 16:58:12
37509000,0.1116,0,2023-05-08 16:58:12
37523000,0.0086,1,2023-05-08 16:58:12
37527000,0.0741,1,2023-05-08 16:58:12
37529000,0.0439,1,2023-05-08 16:58:12
37530000,0.1528,1,2023-05-08 16:58:12
37531000,0.0156,1,2023-05-08 16:58:12
price,quantity,type,timestamp
37518000,0.0549,0,2023-05-08 16:58:14
37517000,0.0538,0,2023-05-08 16:58:14
37512000,0.5321,0,2023-05-08 16:58:14
37510000,0.1633,0,2023-05-08 16:58:14
37509000,0.1116,0,2023-05-08 16:58:14
37523000,0.0015,1,2023-05-08 16:58:14
37527000,0.0741,1,2023-05-08 16:58:14
37529000,0.0439,1,2023-05-08 16:58:14
37530000,0.1528,1,2023-05-08 16:58:14
37531000,0.0156,1,2023-05-08 16:58:14
price,quantity,type,timestamp
37518000,0.0549,0,2023-05-08 16:58:15
37517000,0.0538,0,2023-05-08 16:58:15
37512000,0.6021,0,2023-05-08 16:58:15
37510000,0.1633,0,2023-05-08 16:58:15
37509000,0.1116,0,2023-05-08 16:58:15
37523000,0.0015,1,2023-05-08 16:58:15
37527000,0.0741,1,2023-05-08 16:58:15
37529000,0.0439,1,2023-05-08 16:58:15
37530000,0.1528,1,2023-05-08 16:58:15
37531000,0.0156,1,2023-05-08 16:58:15
price,quantity,type,timestamp
37518000,0.0549,0,2023-05-08 16:58:17
37517000,0.0538,0,2023-05-08 16:58:17
37512000,0.6021,0,2023-05-08 16:58:17
37510000,0.1633,0,2023-05-08 16:58:17
37509000,0.1116,0,2023-05-08 16:58:17
37523000,0.0015,1,2023-05-08 16:58:17
37527000,0.0741,1,2023-05-08 16:58:17
37529000,0.0439,1,2023-05-08 16:58:17
37530000,0.1528,1,2023-05-08 16:58:17
37531000,0.0156,1,2023-05-08 16:58:17
price,quantity,type,timestamp
37518000,0.0549,0,2023-05-08 16:58:18
37517000,0.0538,0,2023-05-08 16:58:18
37512000,0.6021,0,2023-05-08 16:58:18
37510000,0.1633,0,2023-05-08 16:58:18
37509000,0.1116,0,2023-05-08 16:58:18
37523000,0.0015,1,2023-05-08 16:58:18
37527000,0.0741,1,2023-05-08 16:58:18
37529000,0.0439,1,2023-05-08 16:58:18
37530000,0.1528,1,2023-05-08 16:58:18
37531000,0.0156,1,2023-05-08 16:58:18
price,quantity,type,timestamp
37518000,0.0549,0,2023-05-08 16:58:20
37517000,0.0538,0,2023-05-08 16:58:20
37513000,0.0869,0,2023-05-08 16:58:20
37512000,0.6021,0,2023-05-08 16:58:20
37510000,0.1633,0,2023-05-08 16:58:20
37529000,0.0439,1,2023-05-08 16:58:20
37530000,0.1922,1,2023-05-08 16:58:20
37531000,0.0156,1,2023-05-08 16:58:20
37532000,0.0854,1,2023-05-08 16:58:20
37534000,0.0718,1,2023-05-08 16:58:20
price,quantity,type,timestamp
37518000,0.0549,0,2023-05-08 16:58:21
37517000,0.0538,0,2023-05-08 16:58:21
37513000,0.0869,0,2023-05-08 16:58:21
37512000,0.6021,0,2023-05-08 16:58:21
37510000,0.1633,0,2023-05-08 16:58:21
37529000,0.0238,1,2023-05-08 16:58:21
37530000,0.1922,1,2023-05-08 16:58:21
37531000,0.0156,1,2023-05-08 16:58:21
37532000,0.0854,1,2023-05-08 16:58:21
37534000,0.0718,1,2023-05-08 16:58:21
price,quantity,type,timestamp
37523000,1.064,0,2023-05-08 16:58:23
37519000,0.2,0,2023-05-08 16:58:23
37518000,0.0549,0,2023-05-08 16:58:23
37517000,0.1238,0,2023-05-08 16:58:23
37513000,0.6189,0,2023-05-08 16:58:23
37530000,0.0923,1,2023-05-08 16:58:23
37531000,0.0156,1,2023-05-08 16:58:23
37532000,0.0854,1,2023-05-08 16:58:23
37534000,0.0718,1,2023-05-08 16:58:23
37535000,0.0889,1,2023-05-08 16:58:23
price,quantity,type,timestamp
37523000,1.064,0,2023-05-08 16:58:24
37520000,0.07,0,2023-05-08 16:58:24
37519000,0.07,0,2023-05-08 16:58:24
37518000,0.1249,0,2023-05-08 16:58:24
37517000,0.1238,0,2023-05-08 16:58:24
37532000,0.1147,1,2023-05-08 16:58:24
37534000,0.0718,1,2023-05-08 16:58:24
37535000,0.0889,1,2023-05-08 16:58:24
37536000,0.0088,1,2023-05-08 16:58:24
37537000,0.041,1,2023-05-08 16:58:24
price,quantity,type,timestamp
37523000,1.064,0,2023-05-08 16:58:25
37520000,0.07,0,2023-05-08 16:58:25
37519000,0.07,0,2023-05-08 16:58:25
37518000,0.1249,0,2023-05-08 16:58:25
37517000,0.1238,0,2023-05-08 16:58:25
37532000,0.1147,1,2023-05-08 16:58:25
37534000,0.0718,1,2023-05-08 16:58:25
37535000,0.0889,1,2023-05-08 16:58:25
37536000,0.0088,1,2023-05-08 16:58:25
37537000,0.041,1,2023-05-08 16:58:25
price,quantity,type,timestamp
37523000,1.064,0,2023-05-08 16:58:27
37521000,0.07,0,2023-05-08 16:58:27
37520000,0.07,0,2023-05-08 16:58:27
37519000,0.1542,0,2023-05-08 16:58:27
37518000,0.1249,0,2023-05-08 16:58:27
37530000,0.0365,1,2023-05-08 16:58:27
37532000,0.0002,1,2023-05-08 16:58:27
37534000,0.0718,1,2023-05-08 16:58:27
37535000,0.0889,1,2023-05-08 16:58:27
37536000,0.0088,1,2023-05-08 16:58:27
price,quantity,type,timestamp
37523000,2.1611,0,2023-05-08 16:58:28
37522000,0.07,0,2023-05-08 16:58:28
37521000,0.07,0,2023-05-08 16:58:28
37520000,0.07,0,2023-05-08 16:58:28
37519000,0.1542,0,2023-05-08 16:58:28
37530000,0.0365,1,2023-05-08 16:58:28
37532000,0.0394,1,2023-05-08 16:58:28
37534000,0.0173,1,2023-05-08 16:58:28
37535000,0.0889,1,2023-05-08 16:58:28
37536000,0.0088,1,2023-05-08 16:58:28
price,quantity,type,timestamp
37523000,2.1638,0,2023-05-08 16:58:30
37522000,0.07,0,2023-05-08 16:58:30
37521000,0.07,0,2023-05-08 16:58:30
37520000,0.07,0,2023-05-08 16:58:30
37519000,0.1542,0,2023-05-08 16:58:30
37530000,0.0235,1,2023-05-08 16:58:30
37531000,0.0329,1,2023-05-08 16:58:30
37532000,0.0394,1,2023-05-08 16:58:30
37535000,0.0889,1,2023-05-08 16:58:30
37536000,0.0088,1,2023-05-08 16:58:30
price,quantity,type,timestamp
37534000,0.0042,0,2023-05-08 16:58:31
37530000,0.0085,0,2023-05-08 16:58:31
37524000,0.07,0,2023-05-08 16:58:31
37523000,2.1638,0,2023-05-08 16:58:31
37522000,0.1557,0,2023-05-08 16:58:31
37535000,0.0641,1,2023-05-08 16:58:31
37537000,0.0147,1,2023-05-08 16:58:31
37538000,0.0436,1,2023-05-08 16:58:31
37539000,0.0324,1,2023-05-08 16:58:31
37540000,0.015,1,2023-05-08 16:58:31
price,quantity,type,timestamp
37534000,0.0042,0,2023-05-08 16:58:32
37530000,0.0906,0,2023-05-08 16:58:32
37527000,0.089,0,2023-05-08 16:58:32
37524000,0.07,0,2023-05-08 16:58:32
37523000,2.1724,0,2023-05-08 16:58:32
37537000,0.062,1,2023-05-08 16:58:32
37539000,0.009,1,2023-05-08 16:58:32
37540000,0.0549,1,2023-05-08 16:58:32
37541000,0.084,1,2023-05-08 16:58:32
37542000,0.0502,1,2023-05-08 16:58:32
price,quantity,type,timestamp
37534000,0.0042,0,2023-05-08 16:58:34
37530000,0.1535,0,2023-05-08 16:58:34
37527000,0.089,0,2023-05-08 16:58:34
37524000,0.07,0,2023-05-08 16:58:34
37523000,2.1724,0,2023-05-08 16:58:34
37539000,0.002,1,2023-05-08 16:58:34
37540000,0.0549,1,2023-05-08 16:58:34
37541000,0.084,1,2023-05-08 16:58:34
37542000,0.0502,1,2023-05-08 16:58:34
37543000,0.043,1,2023-05-08 16:58:34
price,quantity,type,timestamp
37534000,0.0042,0,2023-05-08 16:58:35
37530000,0.0835,0,2023-05-08 16:58:35
37527000,0.159,0,2023-05-08 16:58:35
37524000,0.07,0,2023-05-08 16:58:35
37523000,2.1724,0,2023-05-08 16:58:35
37539000,0.002,1,2023-05-08 16:58:35
37540000,0.0549,1,2023-05-08 16:58:35
37542000,0.0502,1,2023-05-08 16:58:35
37543000,0.043,1,2023-05-08 16:58:35
37546000,0.1247,1,2023-05-08 16:58:35
price,quantity,type,timestamp
37537000,0.0027,0,2023-05-08 16:58:37
37529000,0.0847,0,2023-05-08 16:58:37
37527000,0.159,0,2023-05-08 16:58:37
37524000,0.07,0,2023-05-08 16:58:37
37523000,2.2424,0,2023-05-08 16:58:37
37538000,0.0552,1,2023-05-08 16:58:37
37540000,0.0527,1,2023-05-08 16:58:37
37543000,0.1308,1,2023-05-08 16:58:37
37544000,0.004,1,2023-05-08 16:58:37
37546000,0.1247,1,2023-05-08 16:58:37
price,quantity,type,timestamp
37537000,0.016,0,2023-05-08 16:58:38
37529000,0.0847,0,2023-05-08 16:58:38
37527000,0.159,0,2023-05-08 16:58:38
37524000,0.07,0,2023-05-08 16:58:38
37523000,2.2424,0,2023-05-08 16:58:38
37538000,0.0552,1,2023-05-08 16:58:38
37540000,0.0527,1,2023-05-08 16:58:38
37543000,0.1308,1,2023-05-08 16:58:38
37544000,0.004,1,2023-05-08 16:58:38
37546000,0.1247,1,2023-05-08 16:58:38
price,quantity,type,timestamp
37529000,0.1547,0,2023-05-08 16:58:40
37527000,0.159,0,2023-05-08 16:58:40
37524000,0.07,0,2023-05-08 16:58:40
37523000,2.2424,0,2023-05-08 16:58:40
37522000,0.1557,0,2023-05-08 16:58:40
37538000,0.0613,1,2023-05-08 16:58:40
37540000,0.0527,1,2023-05-08 16:58:40
37543000,0.1308,1,2023-05-08 16:58:40
37544000,0.004,1,2023-05-08 16:58:40
37546000,0.1247,1,2023-05-08 16:58:40
price,quantity,type,timestamp
37531000,0.0896,0,2023-05-08 16:58:41
37529000,0.1547,0,2023-05-08 16:58:41
37527000,0.159,0,2023-05-08 16:58:41
37524000,0.07,0,2023-05-08 16:58:41
37523000,2.2424,0,2023-05-08 16:58:41
37538000,0.0613,1,2023-05-08 16:58:41
37540000,0.0527,1,2023-05-08 16:58:41
37543000,0.1308,1,2023-05-08 16:58:41
37544000,0.004,1,2023-05-08 16:58:41
37546000,0.1247,1,2023-05-08 16:58:41
price,quantity,type,timestamp
37538000,0.0546,0,2023-05-08 16:58:43
37537000,0.2657,0,2023-05-08 16:58:43
37531000,0.1596,0,2023-05-08 16:58:43
37529000,0.1547,0,2023-05-08 16:58:43
37527000,0.159,0,2023-05-08 16:58:43
37540000,0.0128,1,2023-05-08 16:58:43
37543000,0.046,1,2023-05-08 16:58:43
37544000,0.004,1,2023-05-08 16:58:43
37546000,0.1247,1,2023-05-08 16:58:43
37547000,0.0987,1,2023-05-08 16:58:43
price,quantity,type,timestamp
37538000,0.0546,0,2023-05-08 16:58:44
37537000,0.2657,0,2023-05-08 16:58:44
37531000,0.0896,0,2023-05-08 16:58:44
37529000,0.0847,0,2023-05-08 16:58:44
37528000,0.0051,0,2023-05-08 16:58:44
37541000,0.0629,1,2023-05-08 16:58:44
37543000,0.046,1,2023-05-08 16:58:44
37544000,0.0434,1,2023-05-08 16:58:44
37546000,0.1247,1,2023-05-08 16:58:44
37547000,0.0987,1,2023-05-08 16:58:44
price,quantity,type,timestamp
37537000,0.2657,0,2023-05-08 16:58:46
37531000,0.0896,0,2023-05-08 16:58:46
37529000,0.0847,0,2023-05-08 16:58:46
37528000,0.0051,0,2023-05-08 16:58:46
37527000,0.089,0,2023-05-08 16:58:46
37541000,0.0629,1,2023-05-08 16:58:46
37543000,0.046,1,2023-05-08 16:58:46
37544000,0.0434,1,2023-05-08 16:58:46
37546000,0.1247,1,2023-05-08 16:58:46
37547000,0.0987,1,2023-05-08 16:58:46
price,quantity,type,timestamp
37537000,0.2657,0,2023-05-08 16:58:47
37531000,0.0896,0,2023-05-08 16:58:47
37529000,0.0847,0,2023-05-08 16:58:47
37528000,0.0051,0,2023-05-08 16:58:47
37527000,0.089,0,2023-05-08 16:58:47
37538000,0.039,1,2023-05-08 16:58:47
37541000,0.0629,1,2023-05-08 16:58:47
37543000,0.046,1,2023-05-08 16:58:47
37544000,0.0434,1,2023-05-08 16:58:47
37546000,0.1247,1,2023-05-08 16:58:47
price,quantity,type,timestamp
37538000,0.0041,0,2023-05-08 16:58:49
37537000,0.2657,0,2023-05-08 16:58:49
37531000,0.0896,0,2023-05-08 16:58:49
37529000,0.0847,0,2023-05-08 16:58:49
37528000,0.0051,0,2023-05-08 16:58:49
37541000,0.0629,1,2023-05-08 16:58:49
37543000,0.0297,1,2023-05-08 16:58:49
37544000,0.0434,1,2023-05-08 16:58:49
37546000,0.1247,1,2023-05-08 16:58:49
37547000,0.0987,1,2023-05-08 16:58:49
price,quantity,type,timestamp
37537000,0.2657,0,2023-05-08 16:58:50
37534000,0.0001,0,2023-05-08 16:58:50
37532000,0.0159,0,2023-05-08 16:58:50
37531000,0.0896,0,2023-05-08 16:58:50
37529000,0.0847,0,2023-05-08 16:58:50
37541000,0.0629,1,2023-05-08 16:58:50
37543000,0.0297,1,2023-05-08 16:58:50
37544000,0.0434,1,2023-05-08 16:58:50
37546000,0.1247,1,2023-05-08 16:58:50
37547000,0.0987,1,2023-05-08 16:58:50
price,quantity,type,timestamp
37542000,0.039,0,2023-05-08 16:58:52
37541000,0.0746,0,2023-05-08 16:58:52
37538000,0.0852,0,2023-05-08 16:58:52
37537000,0.2657,0,2023-05-08 16:58:52
37534000,0.0001,0,2023-05-08 16:58:52
37543000,0.0297,1,2023-05-08 16:58:52
37544000,0.004,1,2023-05-08 16:58:52
37547000,0.0545,1,2023-05-08 16:58:52
37548000,0.0049,1,2023-05-08 16:58:52
37550000,0.0571,1,2023-05-08 16:58:52
price,quantity,type,timestamp
37543000,0.1129,0,2023-05-08 16:58:53
37542000,0.0522,0,2023-05-08 16:58:53
37541000,0.2389,0,2023-05-08 16:58:53
37539000,0.0878,0,2023-05-08 16:58:53
37538000,0.0852,0,2023-05-08 16:58:53
37555000,0.04,1,2023-05-08 16:58:53
37556000,0.1038,1,2023-05-08 16:58:53
37557000,0.0513,1,2023-05-08 16:58:53
37559000,0.1068,1,2023-05-08 16:58:53
37560000,0.0093,1,2023-05-08 16:58:53
price,quantity,type,timestamp
37543000,0.088,0,2023-05-08 16:58:55
37542000,0.0604,0,2023-05-08 16:58:55
37541000,0.2346,0,2023-05-08 16:58:55
37539000,0.0878,0,2023-05-08 16:58:55
37538000,0.0852,0,2023-05-08 16:58:55
37553000,0.0629,1,2023-05-08 16:58:55
37555000,0.04,1,2023-05-08 16:58:55
37556000,0.1038,1,2023-05-08 16:58:55
37557000,0.0513,1,2023-05-08 16:58:55
37559000,0.1068,1,2023-05-08 16:58:55
price,quantity,type,timestamp
37543000,0.0926,0,2023-05-08 16:58:56
37542000,0.0604,0,2023-05-08 16:58:56
37541000,0.2346,0,2023-05-08 16:58:56
37539000,0.0878,0,2023-05-08 16:58:56
37538000,0.0852,0,2023-05-08 16:58:56
37553000,0.0629,1,2023-05-08 16:58:56
37555000,0.04,1,2023-05-08 16:58:56
37556000,0.1038,1,2023-05-08 16:58:56
37557000,0.0513,1,2023-05-08 16:58:56
37559000,0.1068,1,2023-05-08 16:58:56
price,quantity,type,timestamp
37543000,0.0844,0,2023-05-08 16:58:58
37542000,0.0214,0,2023-05-08 16:58:58
37541000,0.2224,0,2023-05-08 16:58:58
37539000,0.1505,0,2023-05-08 16:58:58
37538000,0.0161,0,2023-05-08 16:58:58
37553000,0.0629,1,2023-05-08 16:58:58
37555000,0.04,1,2023-05-08 16:58:58
37556000,0.1038,1,2023-05-08 16:58:58
37557000,0.0513,1,2023-05-08 16:58:58
37559000,0.1068,1,2023-05-08 16:58:58
price,quantity,type,timestamp
37543000,0.0404,0,2023-05-08 16:58:59
37542000,0.0132,0,2023-05-08 16:58:59
37541000,0.2224,0,2023-05-08 16:58:59
37539000,0.0878,0,2023-05-08 16:58:59
37538000,0.0161,0,2023-05-08 16:58:59
37553000,0.0629,1,2023-05-08 16:58:59
37555000,0.04,1,2023-05-08 16:58:59
37556000,0.1038,1,2023-05-08 16:58:59
37557000,0.0513,1,2023-05-08 16:58:59
37559000,0.1162,1,2023-05-08 16:58:59
price,quantity,type,timestamp
37543000,0.0404,0,2023-05-08 16:59:01
37542000,0.0132,0,2023-05-08 16:59:01
37541000,0.2224,0,2023-05-08 16:59:01
37539000,0.0878,0,2023-05-08 16:59:01
37538000,0.0161,0,2023-05-08 16:59:01
37553000,0.0629,1,2023-05-08 16:59:01
37555000,0.04,1,2023-05-08 16:59:01
37556000,0.1038,1,2023-05-08 16:59:01
37557000,0.0513,1,2023-05-08 16:59:01
37559000,0.1162,1,2023-05-08 16:59:01
price,quantity,type,timestamp
37543000,0.0404,0,2023-05-08 16:59:02
37542000,0.0132,0,2023-05-08 16:59:02
37541000,0.2224,0,2023-05-08 16:59:02
37539000,0.0878,0,2023-05-08 16:59:02
37538000,0.0161,0,2023-05-08 16:59:02
37553000,0.0622,1,2023-05-08 16:59:02
37555000,0.04,1,2023-05-08 16:59:02
37556000,0.1038,1,2023-05-08 16:59:02
37557000,0.0513,1,2023-05-08 16:59:02
37559000,0.1162,1,2023-05-08 16:59:02
price,quantity,type,timestamp
37542000,0.0132,0,2023-05-08 16:59:03
37541000,0.2224,0,2023-05-08 16:59:03
37539000,0.0878,0,2023-05-08 16:59:03
37538000,0.0161,0,2023-05-08 16:59:03
37537000,0.3076,0,2023-05-08 16:59:03
37553000,0.0002,1,2023-05-08 16:59:03
37555000,0.04,1,2023-05-08 16:59:03
37556000,0.1038,1,2023-05-08 16:59:03
37557000,0.0513,1,2023-05-08 16:59:03
37559000,0.1162,1,2023-05-08 16:59:03
price,quantity,type,timestamp
37542000,0.0132,0,2023-05-08 16:59:05
37541000,0.2224,0,2023-05-08 16:59:05
37539000,0.0878,0,2023-05-08 16:59:05
37538000,0.0161,0,2023-05-08 16:59:05
37537000,0.3076,0,2023-05-08 16:59:05
37553000,0.0002,1,2023-05-08 16:59:05
37555000,0.0479,1,2023-05-08 16:59:05
37556000,0.1038,1,2023-05-08 16:59:05
37557000,0.0513,1,2023-05-08 16:59:05
37559000,0.1162,1,2023-05-08 16:59:05
price,quantity,type,timestamp
37542000,0.0113,0,2023-05-08 16:59:06
37541000,0.2224,0,2023-05-08 16:59:06
37539000,0.0878,0,2023-05-08 16:59:06
37538000,0.0161,0,2023-05-08 16:59:06
37537000,0.3076,0,2023-05-08 16:59:06
37553000,0.0002,1,2023-05-08 16:59:06
37555000,0.1102,1,2023-05-08 16:59:06
37556000,0.1038,1,2023-05-08 16:59:06
37557000,0.0513,1,2023-05-08 16:59:06
37559000,0.1162,1,2023-05-08 16:59:06
price,quantity,type,timestamp
37541000,0.2207,0,2023-05-08 16:59:08
37539000,0.1528,0,2023-05-08 16:59:08
37538000,0.0161,0,2023-05-08 16:59:08
37537000,0.3076,0,2023-05-08 16:59:08
37534000,0.0886,0,2023-05-08 16:59:08
37556000,0.1038,1,2023-05-08 16:59:08
37557000,0.092,1,2023-05-08 16:59:08
37559000,0.1162,1,2023-05-08 16:59:08
37562000,0.056,1,2023-05-08 16:59:08
37565000,0.0088,1,2023-05-08 16:59:08
price,quantity,type,timestamp
37541000,0.213,0,2023-05-08 16:59:10
37539000,0.0878,0,2023-05-08 16:59:10
37538000,0.0161,0,2023-05-08 16:59:10
37537000,0.3076,0,2023-05-08 16:59:10
37534000,0.0886,0,2023-05-08 16:59:10
37553000,0.0638,1,2023-05-08 16:59:10
37554000,0.0408,1,2023-05-08 16:59:10
37555000,0.0846,1,2023-05-08 16:59:10
37556000,0.0774,1,2023-05-08 16:59:10
37557000,0.092,1,2023-05-08 16:59:10
price,quantity,type,timestamp
37541000,0.1265,0,2023-05-08 16:59:11
37539000,0.0878,0,2023-05-08 16:59:11
37538000,0.0161,0,2023-05-08 16:59:11
37537000,0.3076,0,2023-05-08 16:59:11
37534000,0.0886,0,2023-05-08 16:59:11
37549000,0.063,1,2023-05-08 16:59:11
37550000,0.009,1,2023-05-08 16:59:11
37551000,0.0834,1,2023-05-08 16:59:11
37553000,0.0555,1,2023-05-08 16:59:11
37554000,0.0408,1,2023-05-08 16:59:11
price,quantity,type,timestamp
37537000,0.2443,0,2023-05-08 16:59:12
37534000,0.0007,0,2023-05-08 16:59:12
37529000,0.0629,0,2023-05-08 16:59:12
37528000,0.016,0,2023-05-08 16:59:12
37526000,0.0888,0,2023-05-08 16:59:12
37539000,0.0699,1,2023-05-08 16:59:12
37540000,0.2154,1,2023-05-08 16:59:12
37541000,0.0079,1,2023-05-08 16:59:12
37542000,0.1867,1,2023-05-08 16:59:12
37544000,0.0513,1,2023-05-08 16:59:12
price,quantity,type,timestamp
37534000,0.0007,0,2023-05-08 16:59:14
37528000,0.016,0,2023-05-08 16:59:14
37526000,0.0888,0,2023-05-08 16:59:14
37524000,0.0649,0,2023-05-08 16:59:14
37523000,1.0971,0,2023-05-08 16:59:14
37535000,0.0014,1,2023-05-08 16:59:14
37536000,0.039,1,2023-05-08 16:59:14
37539000,0.1309,1,2023-05-08 16:59:14
37540000,0.2154,1,2023-05-08 16:59:14
37541000,0.0079,1,2023-05-08 16:59:14
price,quantity,type,timestamp
37534000,0.0007,0,2023-05-08 16:59:15
37528000,0.016,0,2023-05-08 16:59:15
37526000,0.0888,0,2023-05-08 16:59:15
37524000,0.0649,0,2023-05-08 16:59:15
37523000,1.1528,0,2023-05-08 16:59:15
37536000,0.034,1,2023-05-08 16:59:15
37539000,0.061,1,2023-05-08 16:59:15
37540000,0.1764,1,2023-05-08 16:59:15
37541000,0.0079,1,2023-05-08 16:59:15
37542000,0.1251,1,2023-05-08 16:59:15
price,quantity,type,timestamp
37536000,0.0229,0,2023-05-08 16:59:17
37534000,0.0007,0,2023-05-08 16:59:17
37529000,0.0852,0,2023-05-08 16:59:17
37528000,0.016,0,2023-05-08 16:59:17
37526000,0.0888,0,2023-05-08 16:59:17
37539000,0.061,1,2023-05-08 16:59:17
37540000,0.1764,1,2023-05-08 16:59:17
37542000,0.1251,1,2023-05-08 16:59:17
37544000,0.0513,1,2023-05-08 16:59:17
37545000,0.0152,1,2023-05-08 16:59:17
price,quantity,type,timestamp
37536000,0.0229,0,2023-05-08 16:59:18
37534000,0.0007,0,2023-05-08 16:59:18
37529000,0.0852,0,2023-05-08 16:59:18
37528000,0.016,0,2023-05-08 16:59:18
37526000,0.0888,0,2023-05-08 16:59:18
37539000,0.055,1,2023-05-08 16:59:18
37540000,0.1764,1,2023-05-08 16:59:18
37542000,0.1251,1,2023-05-08 16:59:18
37544000,0.0513,1,2023-05-08 16:59:18
37545000,0.0152,1,2023-05-08 16:59:18
price,quantity,type,timestamp
37536000,0.0229,0,2023-05-08 16:59:20
37534000,0.0007,0,2023-05-08 16:59:20
37529000,0.0852,0,2023-05-08 16:59:20
37528000,0.016,0,2023-05-08 16:59:20
37526000,0.0888,0,2023-05-08 16:59:20
37539000,0.0317,1,2023-05-08 16:59:20
37540000,0.0629,1,2023-05-08 16:59:20
37542000,0.1251,1,2023-05-08 16:59:20
37544000,0.0513,1,2023-05-08 16:59:20
37545000,0.0152,1,2023-05-08 16:59:20
price,quantity,type,timestamp
37536000,0.0229,0,2023-05-08 16:59:21
37534000,0.0007,0,2023-05-08 16:59:21
37529000,0.0852,0,2023-05-08 16:59:21
37528000,0.016,0,2023-05-08 16:59:21
37526000,0.0888,0,2023-05-08 16:59:21
37539000,0.0317,1,2023-05-08 16:59:21
37540000,0.0629,1,2023-05-08 16:59:21
37541000,0.0297,1,2023-05-08 16:59:21
37542000,0.1251,1,2023-05-08 16:59:21
37544000,0.0513,1,2023-05-08 16:59:21
price,quantity,type,timestamp
37536000,0.0229,0,2023-05-08 16:59:22
37534000,0.0007,0,2023-05-08 16:59:22
37529000,0.0852,0,2023-05-08 16:59:22
37528000,0.016,0,2023-05-08 16:59:22
37526000,0.0888,0,2023-05-08 16:59:22
37539000,0.0317,1,2023-05-08 16:59:22
37540000,0.0629,1,2023-05-08 16:59:22
37541000,0.0297,1,2023-05-08 16:59:22
37542000,0.1251,1,2023-05-08 16:59:22
37544000,0.0513,1,2023-05-08 16:59:22
price,quantity,type,timestamp
37525000,0.1039,0,2023-05-08 16:59:24
37523000,1.1528,0,2023-05-08 16:59:24
37522000,0.1085,0,2023-05-08 16:59:24
37520000,0.0486,0,2023-05-08 16:59:24
37518000,0.0633,0,2023-05-08 16:59:24
37535000,0.0993,1,2023-05-08 16:59:24
37537000,0.0155,1,2023-05-08 16:59:24
37538000,0.0051,1,2023-05-08 16:59:24
37539000,0.1317,1,2023-05-08 16:59:24
37540000,0.0629,1,2023-05-08 16:59:24
price,quantity,type,timestamp
37525000,0.1039,0,2023-05-08 16:59:25
37523000,1.1528,0,2023-05-08 16:59:25
37522000,0.0856,0,2023-05-08 16:59:25
37520000,0.0486,0,2023-05-08 16:59:25
37518000,0.0633,0,2023-05-08 16:59:25
37535000,0.0993,1,2023-05-08 16:59:25
37537000,0.0155,1,2023-05-08 16:59:25
37538000,0.0051,1,2023-05-08 16:59:25
37539000,0.1317,1,2023-05-08 16:59:25
37540000,0.0629,1,2023-05-08 16:59:25
price,quantity,type,timestamp
37525000,0.1039,0,2023-05-08 16:59:27
37523000,1.1528,0,2023-05-08 16:59:27
37522000,0.0856,0,2023-05-08 16:59:27
37520000,0.0486,0,2023-05-08 16:59:27
37518000,0.0649,0,2023-05-08 16:59:27
37535000,0.0993,1,2023-05-08 16:59:27
37537000,0.0155,1,2023-05-08 16:59:27
37538000,0.0051,1,2023-05-08 16:59:27
37539000,0.1317,1,2023-05-08 16:59:27
37540000,0.0629,1,2023-05-08 16:59:27
price,quantity,type,timestamp
37525000,0.1039,0,2023-05-08 16:59:28
37523000,1.1528,0,2023-05-08 16:59:28
37522000,0.0856,0,2023-05-08 16:59:28
37520000,0.0486,0,2023-05-08 16:59:28
37518000,0.0649,0,2023-05-08 16:59:28
37535000,0.0387,1,2023-05-08 16:59:28
37537000,0.0155,1,2023-05-08 16:59:28
37538000,0.0051,1,2023-05-08 16:59:28
37539000,0.1317,1,2023-05-08 16:59:28
37540000,0.0629,1,2023-05-08 16:59:28
price,quantity,type,timestamp
37525000,0.1039,0,2023-05-08 16:59:29
37523000,1.1528,0,2023-05-08 16:59:29
37522000,0.0856,0,2023-05-08 16:59:29
37521000,0.0628,0,2023-05-08 16:59:29
37520000,0.0486,0,2023-05-08 16:59:29
37537000,0.0155,1,2023-05-08 16:59:29
37538000,0.0051,1,2023-05-08 16:59:29
37539000,0.2341,1,2023-05-08 16:59:29
37540000,0.0629,1,2023-05-08 16:59:29
37542000,0.0869,1,2023-05-08 16:59:29
price,quantity,type,timestamp
37525000,0.1001,0,2023-05-08 16:59:31
37523000,1.1611,0,2023-05-08 16:59:31
37522000,0.0856,0,2023-05-08 16:59:31
37521000,0.0628,0,2023-05-08 16:59:31
37520000,0.0486,0,2023-05-08 16:59:31
37537000,0.0155,1,2023-05-08 16:59:31
37538000,0.0051,1,2023-05-08 16:59:31
37539000,0.2341,1,2023-05-08 16:59:31
37540000,0.0629,1,2023-05-08 16:59:31
37542000,0.0869,1,2023-05-08 16:59:31
price,quantity,type,timestamp
37525000,0.1001,0,2023-05-08 16:59:32
37523000,1.1611,0,2023-05-08 16:59:32
37522000,0.0856,0,2023-05-08 16:59:32
37521000,0.0628,0,2023-05-08 16:59:32
37520000,0.0502,0,2023-05-08 16:59:32
37537000,0.0155,1,2023-05-08 16:59:32
37538000,0.0051,1,2023-05-08 16:59:32
37539000,0.2341,1,2023-05-08 16:59:32
37540000,0.0629,1,2023-05-08 16:59:32
37542000,0.0869,1,2023-05-08 16:59:32
price,quantity,type,timestamp
37525000,0.1001,0,2023-05-08 16:59:34
37523000,1.1611,0,2023-05-08 16:59:34
37522000,0.0856,0,2023-05-08 16:59:34
37521000,0.0628,0,2023-05-08 16:59:34
37520000,0.0502,0,2023-05-08 16:59:34
37537000,0.0155,1,2023-05-08 16:59:34
37538000,0.0051,1,2023-05-08 16:59:34
37539000,0.2341,1,2023-05-08 16:59:34
37540000,0.0629,1,2023-05-08 16:59:34
37542000,0.0869,1,2023-05-08 16:59:34
price,quantity,type,timestamp
37525000,0.1001,0,2023-05-08 16:59:35
37524000,0.0037,0,2023-05-08 16:59:35
37523000,1.1611,0,2023-05-08 16:59:35
37522000,0.0856,0,2023-05-08 16:59:35
37521000,0.0799,0,2023-05-08 16:59:35
37537000,0.0155,1,2023-05-08 16:59:35
37538000,0.0051,1,2023-05-08 16:59:35
37539000,0.2341,1,2023-05-08 16:59:35
37540000,0.0629,1,2023-05-08 16:59:35
37542000,0.0869,1,2023-05-08 16:59:35
price,quantity,type,timestamp
37525000,0.1003,0,2023-05-08 16:59:37
37524000,0.0038,0,2023-05-08 16:59:37
37523000,1.1611,0,2023-05-08 16:59:37
37522000,0.0856,0,2023-05-08 16:59:37
37521000,0.0644,0,2023-05-08 16:59:37
37537000,0.0155,1,2023-05-08 16:59:37
37538000,0.0051,1,2023-05-08 16:59:37
37539000,0.2341,1,2023-05-08 16:59:37
37540000,0.0629,1,2023-05-08 16:59:37
37542000,0.0869,1,2023-05-08 16:59:37
price,quantity,type,timestamp
37525000,0.1003,0,2023-05-08 16:59:38
37524000,0.0038,0,2023-05-08 16:59:38
37523000,1.1611,0,2023-05-08 16:59:38
37522000,0.0872,0,2023-05-08 16:59:38
37521000,0.0016,0,2023-05-08 16:59:38
37536000,0.0608,1,2023-05-08 16:59:38
37537000,0.0155,1,2023-05-08 16:59:38
37538000,0.0051,1,2023-05-08 16:59:38
37539000,0.1696,1,2023-05-08 16:59:38
37540000,0.0629,1,2023-05-08 16:59:38
price,quantity,type,timestamp
37525000,0.1003,0,2023-05-08 16:59:40
37524000,0.0038,0,2023-05-08 16:59:40
37523000,1.2257,0,2023-05-08 16:59:40
37522000,0.0872,0,2023-05-08 16:59:40
37521000,0.0016,0,2023-05-08 16:59:40
37537000,0.0155,1,2023-05-08 16:59:40
37538000,0.0051,1,2023-05-08 16:59:40
37539000,0.2345,1,2023-05-08 16:59:40
37540000,0.0629,1,2023-05-08 16:59:40
37542000,0.0869,1,2023-05-08 16:59:40
price,quantity,type,timestamp
37525000,0.1218,0,2023-05-08 16:59:41
37524000,0.0038,0,2023-05-08 16:59:41
37523000,1.2273,0,2023-05-08 16:59:41
37522000,0.0872,0,2023-05-08 16:59:41
37521000,0.0016,0,2023-05-08 16:59:41
37537000,0.0155,1,2023-05-08 16:59:41
37538000,0.0051,1,2023-05-08 16:59:41
37539000,0.2345,1,2023-05-08 16:59:41
37540000,0.0629,1,2023-05-08 16:59:41
37542000,0.0869,1,2023-05-08 16:59:41
price,quantity,type,timestamp
37525000,0.1179,0,2023-05-08 16:59:43
37524000,0.0039,0,2023-05-08 16:59:43
37523000,1.2273,0,2023-05-08 16:59:43
37522000,0.0872,0,2023-05-08 16:59:43
37521000,0.0016,0,2023-05-08 16:59:43
37537000,0.0155,1,2023-05-08 16:59:43
37538000,0.0051,1,2023-05-08 16:59:43
37539000,0.2345,1,2023-05-08 16:59:43
37540000,0.0629,1,2023-05-08 16:59:43
37542000,0.0869,1,2023-05-08 16:59:43
price,quantity,type,timestamp
37528000,0.1558,0,2023-05-08 16:59:44
37527000,0.0085,0,2023-05-08 16:59:44
37525000,0.1147,0,2023-05-08 16:59:44
37524000,0.0055,0,2023-05-08 16:59:44
37523000,1.2328,0,2023-05-08 16:59:44
37542000,0.0798,1,2023-05-08 16:59:44
37543000,0.0405,1,2023-05-08 16:59:44
37544000,0.0513,1,2023-05-08 16:59:44
37545000,0.0152,1,2023-05-08 16:59:44
37547000,0.0918,1,2023-05-08 16:59:44
price,quantity,type,timestamp
37528000,0.1558,0,2023-05-08 16:59:45
37527000,0.0085,0,2023-05-08 16:59:45
37525000,0.1147,0,2023-05-08 16:59:45
37524000,0.0055,0,2023-05-08 16:59:45
37523000,1.1682,0,2023-05-08 16:59:45
37542000,0.0798,1,2023-05-08 16:59:45
37543000,0.0405,1,2023-05-08 16:59:45
37544000,0.0513,1,2023-05-08 16:59:45
37545000,0.0152,1,2023-05-08 16:59:45
37547000,0.0918,1,2023-05-08 16:59:45
price,quantity,type,timestamp
37532000,0.0877,0,2023-05-08 16:59:47
37531000,0.065,0,2023-05-08 16:59:47
37530000,0.086,0,2023-05-08 16:59:47
37528000,0.0934,0,2023-05-08 16:59:47
37527000,0.0085,0,2023-05-08 16:59:47
37544000,0.0264,1,2023-05-08 16:59:47
37545000,0.0152,1,2023-05-08 16:59:47
37547000,0.0918,1,2023-05-08 16:59:47
37548000,0.2118,1,2023-05-08 16:59:47
37549000,0.0402,1,2023-05-08 16:59:47
price,quantity,type,timestamp
37532000,0.0877,0,2023-05-08 16:59:48
37531000,0.065,0,2023-05-08 16:59:48
37530000,0.086,0,2023-05-08 16:59:48
37528000,0.0934,0,2023-05-08 16:59:48
37527000,0.0085,0,2023-05-08 16:59:48
37544000,0.0264,1,2023-05-08 16:59:48
37545000,0.0152,1,2023-05-08 16:59:48
37547000,0.0918,1,2023-05-08 16:59:48
37548000,0.2118,1,2023-05-08 16:59:48
37549000,0.0402,1,2023-05-08 16:59:48
price,quantity,type,timestamp
37535000,0.0881,0,2023-05-08 16:59:50
37534000,0.062,0,2023-05-08 16:59:50
37533000,0.0953,0,2023-05-08 16:59:50
37532000,0.0877,0,2023-05-08 16:59:50
37531000,0.0937,0,2023-05-08 16:59:50
37545000,0.0152,1,2023-05-08 16:59:50
37547000,0.0918,1,2023-05-08 16:59:50
37548000,0.1514,1,2023-05-08 16:59:50
37551000,0.0385,1,2023-05-08 16:59:50
37552000,0.0846,1,2023-05-08 16:59:50
price,quantity,type,timestamp
37535000,0.0881,0,2023-05-08 16:59:51
37534000,0.062,0,2023-05-08 16:59:51
37533000,0.0953,0,2023-05-08 16:59:51
37532000,0.0877,0,2023-05-08 16:59:51
37531000,0.0937,0,2023-05-08 16:59:51
37545000,0.0152,1,2023-05-08 16:59:51
37547000,0.0918,1,2023-05-08 16:59:51
37548000,0.1514,1,2023-05-08 16:59:51
37551000,0.0385,1,2023-05-08 16:59:51
37552000,0.0846,1,2023-05-08 16:59:51
price,quantity,type,timestamp
37535000,0.0881,0,2023-05-08 16:59:53
37534000,0.062,0,2023-05-08 16:59:53
37533000,0.0953,0,2023-05-08 16:59:53
37531000,0.0937,0,2023-05-08 16:59:53
37530000,0.086,0,2023-05-08 16:59:53
37545000,0.0152,1,2023-05-08 16:59:53
37547000,0.1309,1,2023-05-08 16:59:53
37548000,0.1514,1,2023-05-08 16:59:53
37549000,0.0078,1,2023-05-08 16:59:53
37551000,0.0385,1,2023-05-08 16:59:53
price,quantity,type,timestamp
37535000,0.0881,0,2023-05-08 16:59:54
37534000,0.062,0,2023-05-08 16:59:54
37533000,0.0953,0,2023-05-08 16:59:54
37531000,0.0937,0,2023-05-08 16:59:54
37530000,0.086,0,2023-05-08 16:59:54
37545000,0.0152,1,2023-05-08 16:59:54
37547000,0.1309,1,2023-05-08 16:59:54
37548000,0.1514,1,2023-05-08 16:59:54
37549000,0.0078,1,2023-05-08 16:59:54
37551000,0.0385,1,2023-05-08 16:59:54
price,quantity,type,timestamp
37528000,0.0083,0,2023-05-08 16:59:56
37527000,0.0016,0,2023-05-08 16:59:56
37526000,0.1511,0,2023-05-08 16:59:56
37525000,0.028,0,2023-05-08 16:59:56
37524000,0.0055,0,2023-05-08 16:59:56
37541000,0.185,1,2023-05-08 16:59:56
37543000,0.2143,1,2023-05-08 16:59:56
37545000,0.0152,1,2023-05-08 16:59:56
37547000,0.0918,1,2023-05-08 16:59:56
37548000,0.216,1,2023-05-08 16:59:56
price,quantity,type,timestamp
37529000,0.0865,0,2023-05-08 16:59:57
37528000,0.0083,0,2023-05-08 16:59:57
37527000,0.0016,0,2023-05-08 16:59:57
37526000,0.1511,0,2023-05-08 16:59:57
37525000,0.028,0,2023-05-08 16:59:57
37541000,0.0565,1,2023-05-08 16:59:57
37543000,0.2065,1,2023-05-08 16:59:57
37544000,0.04,1,2023-05-08 16:59:57
37545000,0.0152,1,2023-05-08 16:59:57
37547000,0.0918,1,2023-05-08 16:59:57
price,quantity,type,timestamp
37529000,0.0865,0,2023-05-08 16:59:59
37528000,0.0083,0,2023-05-08 16:59:59
37527000,0.0016,0,2023-05-08 16:59:59
37526000,0.1511,0,2023-05-08 16:59:59
37525000,0.028,0,2023-05-08 16:59:59
37541000,0.0104,1,2023-05-08 16:59:59
37543000,0.1428,1,2023-05-08 16:59:59
37544000,0.04,1,2023-05-08 16:59:59
37545000,0.0152,1,2023-05-08 16:59:59
37547000,0.0918,1,2023-05-08 16:59:59
price,quantity,type,timestamp
37529000,0.0881,0,2023-05-08 17:00:00
37528000,0.0083,0,2023-05-08 17:00:00
37527000,0.0016,0,2023-05-08 17:00:00
37526000,0.1511,0,2023-05-08 17:00:00
37525000,0.028,0,2023-05-08 17:00:00
37541000,0.0104,1,2023-05-08 17:00:00
37543000,0.1428,1,2023-05-08 17:00:00
37544000,0.04,1,2023-05-08 17:00:00
37545000,0.0152,1,2023-05-08 17:00:00
37547000,0.0918,1,2023-05-08 17:00:00
price,quantity,type,timestamp
37529000,0.0881,0,2023-05-08 17:00:01
37528000,0.0083,0,2023-05-08 17:00:01
37527000,0.0016,0,2023-05-08 17:00:01
37526000,0.1511,0,2023-05-08 17:00:01
37525000,0.028,0,2023-05-08 17:00:01
37541000,0.0104,1,2023-05-08 17:00:01
37542000,0.061,1,2023-05-08 17:00:01
37543000,0.1428,1,2023-05-08 17:00:01
37544000,0.04,1,2023-05-08 17:00:01
37545000,0.0152,1,2023-05-08 17:00:01
price,quantity,type,timestamp
37529000,0.0016,0,2023-05-08 17:00:03
37528000,0.0099,0,2023-05-08 17:00:03
37527000,0.0016,0,2023-05-08 17:00:03
37526000,0.0016,0,2023-05-08 17:00:03
37525000,0.028,0,2023-05-08 17:00:03
37537000,0.1228,1,2023-05-08 17:00:03
37538000,0.1234,1,2023-05-08 17:00:03
37539000,0.094,1,2023-05-08 17:00:03
37540000,0.0914,1,2023-05-08 17:00:03
37541000,0.0104,1,2023-05-08 17:00:03
price,quantity,type,timestamp
37529000,0.0016,0,2023-05-08 17:00:05
37528000,0.0099,0,2023-05-08 17:00:05
37527000,0.0032,0,2023-05-08 17:00:05
37526000,0.0016,0,2023-05-08 17:00:05
37525000,0.028,0,2023-05-08 17:00:05
37535000,0.1911,1,2023-05-08 17:00:05
37537000,0.138,1,2023-05-08 17:00:05
37538000,0.1234,1,2023-05-08 17:00:05
37539000,0.094,1,2023-05-08 17:00:05
37540000,0.0914,1,2023-05-08 17:00:05
price,quantity,type,timestamp
37529000,0.0016,0,2023-05-08 17:00:07
37528000,0.0099,0,2023-05-08 17:00:07
37527000,0.0032,0,2023-05-08 17:00:07
37526000,0.0016,0,2023-05-08 17:00:07
37525000,0.1779,0,2023-05-08 17:00:07
37536000,0.0086,1,2023-05-08 17:00:07
37537000,0.1001,1,2023-05-08 17:00:07
37538000,0.0593,1,2023-05-08 17:00:07
37539000,0.0054,1,2023-05-08 17:00:07
37540000,0.0914,1,2023-05-08 17:00:07
price,quantity,type,timestamp
37529000,0.0016,0,2023-05-08 17:00:09
37528000,0.0099,0,2023-05-08 17:00:09
37527000,0.0866,0,2023-05-08 17:00:09
37526000,0.0032,0,2023-05-08 17:00:09
37525000,0.1141,0,2023-05-08 17:00:09
37537000,0.0152,1,2023-05-08 17:00:09
37538000,0.0593,1,2023-05-08 17:00:09
37539000,0.0054,1,2023-05-08 17:00:09
37540000,0.122,1,2023-05-08 17:00:09
37541000,0.0197,1,2023-05-08 17:00:09
price,quantity,type,timestamp
37529000,0.0016,0,2023-05-08 17:00:11
37528000,0.0099,0,2023-05-08 17:00:11
37527000,0.0866,0,2023-05-08 17:00:11
37526000,0.0032,0,2023-05-08 17:00:11
37525000,0.1157,0,2023-05-08 17:00:11
37537000,0.0152,1,2023-05-08 17:00:11
37539000,0.0054,1,2023-05-08 17:00:11
37540000,0.1006,1,2023-05-08 17:00:11
37541000,0.0108,1,2023-05-08 17:00:11
37542000,0.1208,1,2023-05-08 17:00:11
price,quantity,type,timestamp
37529000,0.0016,0,2023-05-08 17:00:12
37528000,0.0099,0,2023-05-08 17:00:12
37527000,0.0032,0,2023-05-08 17:00:12
37526000,0.0032,0,2023-05-08 17:00:12
37525000,0.0296,0,2023-05-08 17:00:12
37537000,0.0235,1,2023-05-08 17:00:12
37539000,0.1249,1,2023-05-08 17:00:12
37540000,0.1006,1,2023-05-08 17:00:12
37541000,0.0108,1,2023-05-08 17:00:12
37542000,0.1208,1,2023-05-08 17:00:12
price,quantity,type,timestamp
37529000,0.0016,0,2023-05-08 17:00:14
37528000,0.0099,0,2023-05-08 17:00:14
37527000,0.0032,0,2023-05-08 17:00:14
37526000,0.0032,0,2023-05-08 17:00:14
37525000,0.0296,0,2023-05-08 17:00:14
37537000,0.0235,1,2023-05-08 17:00:14
37539000,0.1249,1,2023-05-08 17:00:14
37540000,0.1006,1,2023-05-08 17:00:14
37541000,0.0108,1,2023-05-08 17:00:14
37542000,0.1208,1,2023-05-08 17:00:14
price,quantity,type,timestamp
37525000,0.0146,0,2023-05-08 17:00:15
37524000,0.0071,0,2023-05-08 17:00:15
37523000,1.0987,0,2023-05-08 17:00:15
37522000,0.0016,0,2023-05-08 17:00:15
37521000,0.0016,0,2023-05-08 17:00:15
37529000,0.0001,1,2023-05-08 17:00:15
37530000,0.041,1,2023-05-08 17:00:15
37531000,0.0729,1,2023-05-08 17:00:15
37532000,0.0843,1,2023-05-08 17:00:15
37534000,0.0645,1,2023-05-08 17:00:15
price,quantity,type,timestamp
37523000,0.7575,0,2023-05-08 17:00:17
37522000,0.0016,0,2023-05-08 17:00:17
37521000,0.0016,0,2023-05-08 17:00:17
37520000,0.0016,0,2023-05-08 17:00:17
37519000,0.0016,0,2023-05-08 17:00:17
37524000,0.1883,1,2023-05-08 17:00:17
37525000,0.0853,1,2023-05-08 17:00:17
37526000,0.0625,1,2023-05-08 17:00:17
37529000,0.1022,1,2023-05-08 17:00:17
37530000,0.0538,1,2023-05-08 17:00:17
price,quantity,type,timestamp
37523000,0.7549,0,2023-05-08 17:00:18
37522000,0.0016,0,2023-05-08 17:00:18
37521000,0.0016,0,2023-05-08 17:00:18
37520000,0.0016,0,2023-05-08 17:00:18
37519000,0.0016,0,2023-05-08 17:00:18
37524000,0.3081,1,2023-05-08 17:00:18
37525000,0.1131,1,2023-05-08 17:00:18
37529000,0.1022,1,2023-05-08 17:00:18
37530000,0.0538,1,2023-05-08 17:00:18
37531000,0.0577,1,2023-05-08 17:00:18
price,quantity,type,timestamp
37523000,0.7549,0,2023-05-08 17:00:20
37522000,0.0016,0,2023-05-08 17:00:20
37521000,0.0016,0,2023-05-08 17:00:20
37520000,0.0016,0,2023-05-08 17:00:20
37519000,0.0016,0,2023-05-08 17:00:20
37524000,0.2971,1,2023-05-08 17:00:20
37525000,0.1131,1,2023-05-08 17:00:20
37528000,0.008,1,2023-05-08 17:00:20
37529000,0.1022,1,2023-05-08 17:00:20
37530000,0.0538,1,2023-05-08 17:00:20
price,quantity,type,timestamp
37523000,0.6227,0,2023-05-08 17:00:21
37522000,0.0016,0,2023-05-08 17:00:21
37521000,0.0016,0,2023-05-08 17:00:21
37520000,0.0016,0,2023-05-08 17:00:21
37519000,0.0036,0,2023-05-08 17:00:21
37524000,0.1798,1,2023-05-08 17:00:21
37525000,0.0278,1,2023-05-08 17:00:21
37529000,0.1022,1,2023-05-08 17:00:21
37530000,0.0538,1,2023-05-08 17:00:21
37531000,0.0577,1,2023-05-08 17:00:21
price,quantity,type,timestamp
37522000,0.0016,0,2023-05-08 17:00:23
37521000,0.0016,0,2023-05-08 17:00:23
37520000,0.0016,0,2023-05-08 17:00:23
37519000,0.0036,0,2023-05-08 17:00:23
37518000,0.0043,0,2023-05-08 17:00:23
37523000,0.5042,1,2023-05-08 17:00:23
37524000,0.1798,1,2023-05-08 17:00:23
37525000,0.0278,1,2023-05-08 17:00:23
37526000,0.1274,1,2023-05-08 17:00:23
37529000,0.1022,1,2023-05-08 17:00:23
price,quantity,type,timestamp
37522000,0.0016,0,2023-05-08 17:00:24
37521000,0.0016,0,2023-05-08 17:00:24
37520000,0.0016,0,2023-05-08 17:00:24
37519000,0.0036,0,2023-05-08 17:00:24
37518000,0.0043,0,2023-05-08 17:00:24
37523000,0.5042,1,2023-05-08 17:00:24
37524000,0.1798,1,2023-05-08 17:00:24
37525000,0.0278,1,2023-05-08 17:00:24
37526000,0.1274,1,2023-05-08 17:00:24
37529000,0.1022,1,2023-05-08 17:00:24
price,quantity,type,timestamp
37522000,0.0016,0,2023-05-08 17:00:25
37521000,0.0016,0,2023-05-08 17:00:25
37520000,0.0016,0,2023-05-08 17:00:25
37519000,0.0036,0,2023-05-08 17:00:25
37518000,0.0043,0,2023-05-08 17:00:25
37523000,0.4158,1,2023-05-08 17:00:25
37524000,0.1798,1,2023-05-08 17:00:25
37525000,0.0278,1,2023-05-08 17:00:25
37526000,0.1274,1,2023-05-08 17:00:25
37527000,0.0143,1,2023-05-08 17:00:25
price,quantity,type,timestamp
37522000,0.0016,0,2023-05-08 17:00:27
37521000,0.0016,0,2023-05-08 17:00:27
37520000,0.0016,0,2023-05-08 17:00:27
37519000,0.0036,0,2023-05-08 17:00:27
37518000,0.0043,0,2023-05-08 17:00:27
37523000,0.4797,1,2023-05-08 17:00:27
37524000,0.1798,1,2023-05-08 17:00:27
37525000,0.0278,1,2023-05-08 17:00:27
37526000,0.0895,1,2023-05-08 17:00:27
37527000,0.0143,1,2023-05-08 17:00:27
price,quantity,type,timestamp
37506000,0.0029,0,2023-05-08 17:00:28
37504000,0.0016,0,2023-05-08 17:00:28
37503000,0.0016,0,2023-05-08 17:00:28
37502000,0.0002,0,2023-05-08 17:00:28
37500000,0.0073,0,2023-05-08 17:00:28
37507000,0.0278,1,2023-05-08 17:00:28
37515000,0.0525,1,2023-05-08 17:00:28
37517000,0.2376,1,2023-05-08 17:00:28
37519000,0.0048,1,2023-05-08 17:00:28
37520000,0.2713,1,2023-05-08 17:00:28
price,quantity,type,timestamp
37496000,0.0562,0,2023-05-08 17:00:30
37495000,0.0016,0,2023-05-08 17:00:30
37490000,0.0155,0,2023-05-08 17:00:30
37488000,0.0029,0,2023-05-08 17:00:30
37487000,0.0216,0,2023-05-08 17:00:30
37500000,0.1841,1,2023-05-08 17:00:30
37502000,0.2417,1,2023-05-08 17:00:30
37504000,0.2949,1,2023-05-08 17:00:30
37507000,0.2036,1,2023-05-08 17:00:30
37515000,0.1579,1,2023-05-08 17:00:30
price,quantity,type,timestamp
37488000,0.0029,0,2023-05-08 17:00:31
37487000,0.0216,0,2023-05-08 17:00:31
37486000,0.0242,0,2023-05-08 17:00:31
37484000,0.0829,0,2023-05-08 17:00:31
37483000,0.0016,0,2023-05-08 17:00:31
37490000,0.1285,1,2023-05-08 17:00:31
37492000,0.1596,1,2023-05-08 17:00:31
37494000,0.1466,1,2023-05-08 17:00:31
37496000,0.1107,1,2023-05-08 17:00:31
37497000,0.0887,1,2023-05-08 17:00:31
price,quantity,type,timestamp
37491000,0.039,0,2023-05-08 17:00:33
37486000,0.0242,0,2023-05-08 17:00:33
37484000,0.0829,0,2023-05-08 17:00:33
37483000,0.0016,0,2023-05-08 17:00:33
37481000,0.0564,0,2023-05-08 17:00:33
37492000,0.1216,1,2023-05-08 17:00:33
37495000,0.0883,1,2023-05-08 17:00:33
37496000,0.0571,1,2023-05-08 17:00:33
37497000,0.1256,1,2023-05-08 17:00:33
37498000,0.0049,1,2023-05-08 17:00:33
price,quantity,type,timestamp
37486000,0.0242,0,2023-05-08 17:00:35
37484000,0.0829,0,2023-05-08 17:00:35
37483000,0.0016,0,2023-05-08 17:00:35
37481000,0.0149,0,2023-05-08 17:00:35
37480000,0.1013,0,2023-05-08 17:00:35
37490000,0.0394,1,2023-05-08 17:00:35
37492000,0.057,1,2023-05-08 17:00:35
37493000,0.0882,1,2023-05-08 17:00:35
37495000,0.0152,1,2023-05-08 17:00:35
37496000,0.0571,1,2023-05-08 17:00:35
price,quantity,type,timestamp
37486000,0.0086,0,2023-05-08 17:00:36
37484000,0.0829,0,2023-05-08 17:00:36
37483000,0.0016,0,2023-05-08 17:00:36
37481000,0.0149,0,2023-05-08 17:00:36
37480000,0.1013,0,2023-05-08 17:00:36
37490000,0.0394,1,2023-05-08 17:00:36
37492000,0.057,1,2023-05-08 17:00:36
37493000,0.1598,1,2023-05-08 17:00:36
37495000,0.0152,1,2023-05-08 17:00:36
37496000,0.0571,1,2023-05-08 17:00:36
price,quantity,type,timestamp
37487000,0.0016,0,2023-05-08 17:00:38
37486000,0.0086,0,2023-05-08 17:00:38
37484000,0.0829,0,2023-05-08 17:00:38
37483000,0.0016,0,2023-05-08 17:00:38
37481000,0.0149,0,2023-05-08 17:00:38
37490000,0.0394,1,2023-05-08 17:00:38
37492000,0.087,1,2023-05-08 17:00:38
37493000,0.1598,1,2023-05-08 17:00:38
37495000,0.0152,1,2023-05-08 17:00:38
37496000,0.0571,1,2023-05-08 17:00:38
price,quantity,type,timestamp
37487000,0.0016,0,2023-05-08 17:00:39
37486000,0.0086,0,2023-05-08 17:00:39
37484000,0.0829,0,2023-05-08 17:00:39
37483000,0.0016,0,2023-05-08 17:00:39
37481000,0.0149,0,2023-05-08 17:00:39
37492000,0.087,1,2023-05-08 17:00:39
37493000,0.1598,1,2023-05-08 17:00:39
37495000,0.0152,1,2023-05-08 17:00:39
37496000,0.0571,1,2023-05-08 17:00:39
37497000,0.0871,1,2023-05-08 17:00:39
price,quantity,type,timestamp
37488000,0.0016,0,2023-05-08 17:00:41
37487000,0.0016,0,2023-05-08 17:00:41
37486000,0.0086,0,2023-05-08 17:00:41
37484000,0.0829,0,2023-05-08 17:00:41
37483000,0.0016,0,2023-05-08 17:00:41
37490000,0.0893,1,2023-05-08 17:00:41
37492000,0.087,1,2023-05-08 17:00:41
37493000,0.1598,1,2023-05-08 17:00:41
37494000,0.0678,1,2023-05-08 17:00:41
37495000,0.0152,1,2023-05-08 17:00:41
price,quantity,type,timestamp
37486000,0.0016,0,2023-05-08 17:00:42
37484000,0.0829,0,2023-05-08 17:00:42
37483000,0.0016,0,2023-05-08 17:00:42
37481000,0.0228,0,2023-05-08 17:00:42
37480000,0.0935,0,2023-05-08 17:00:42
37492000,0.087,1,2023-05-08 17:00:42
37493000,0.0716,1,2023-05-08 17:00:42
37494000,0.0278,1,2023-05-08 17:00:42
37495000,0.0152,1,2023-05-08 17:00:42
37496000,0.0571,1,2023-05-08 17:00:42
price,quantity,type,timestamp
37487000,0.0858,0,2023-05-08 17:00:44
37486000,0.0396,0,2023-05-08 17:00:44
37484000,0.1528,0,2023-05-08 17:00:44
37483000,0.0016,0,2023-05-08 17:00:44
37481000,0.1017,0,2023-05-08 17:00:44
37492000,0.087,1,2023-05-08 17:00:44
37495000,0.0152,1,2023-05-08 17:00:44
37496000,0.0571,1,2023-05-08 17:00:44
37498000,0.0049,1,2023-05-08 17:00:44
37499000,0.0556,1,2023-05-08 17:00:44
price,quantity,type,timestamp
37494000,0.0832,0,2023-05-08 17:00:45
37493000,0.1391,0,2023-05-08 17:00:45
37492000,0.0883,0,2023-05-08 17:00:45
37489000,0.0997,0,2023-05-08 17:00:45
37488000,0.0839,0,2023-05-08 17:00:45
37508000,1.4478,1,2023-05-08 17:00:45
37510000,0.0278,1,2023-05-08 17:00:45
37515000,0.0161,1,2023-05-08 17:00:45
37517000,1.302,1,2023-05-08 17:00:45
37518000,0.5329,1,2023-05-08 17:00:45
price,quantity,type,timestamp
37493000,0.1391,0,2023-05-08 17:00:47
37492000,0.0883,0,2023-05-08 17:00:47
37491000,0.0629,0,2023-05-08 17:00:47
37489000,0.0997,0,2023-05-08 17:00:47
37488000,0.0839,0,2023-05-08 17:00:47
37494000,0.0348,1,2023-05-08 17:00:47
37506000,0.0518,1,2023-05-08 17:00:47
37508000,1.4478,1,2023-05-08 17:00:47
37510000,0.0278,1,2023-05-08 17:00:47
37515000,0.0161,1,2023-05-08 17:00:47
price,quantity,type,timestamp
37496000,0.0131,0,2023-05-08 17:00:49
37493000,0.1875,0,2023-05-08 17:00:49
37492000,0.1674,0,2023-05-08 17:00:49
37490000,0.0869,0,2023-05-08 17:00:49
37489000,0.0032,0,2023-05-08 17:00:49
37505000,0.0161,1,2023-05-08 17:00:49
37506000,0.0518,1,2023-05-08 17:00:49
37508000,1.4142,1,2023-05-08 17:00:49
37515000,0.0161,1,2023-05-08 17:00:49
37517000,1.302,1,2023-05-08 17:00:49
price,quantity,type,timestamp
37500000,0.0433,0,2023-05-08 17:00:51
37499000,0.038,0,2023-05-08 17:00:51
37498000,0.0081,0,2023-05-08 17:00:51
37497000,0.0889,0,2023-05-08 17:00:51
37495000,0.0093,0,2023-05-08 17:00:51
37508000,1.302,1,2023-05-08 17:00:51
37511000,0.0568,1,2023-05-08 17:00:51
37513000,0.089,1,2023-05-08 17:00:51
37515000,0.0727,1,2023-05-08 17:00:51
37517000,1.302,1,2023-05-08 17:00:51
price,quantity,type,timestamp
37501000,0.0647,0,2023-05-08 17:00:53
37499000,0.0384,0,2023-05-08 17:00:53
37498000,0.0081,0,2023-05-08 17:00:53
37497000,0.0889,0,2023-05-08 17:00:53
37496000,0.0385,0,2023-05-08 17:00:53
37511000,0.0568,1,2023-05-08 17:00:53
37513000,0.089,1,2023-05-08 17:00:53
37515000,0.0727,1,2023-05-08 17:00:53
37517000,1.302,1,2023-05-08 17:00:53
37518000,1.3068,1,2023-05-08 17:00:53
price,quantity,type,timestamp
37507000,0.0602,0,2023-05-08 17:00:54
37505000,0.1263,0,2023-05-08 17:00:54
37503000,0.0896,0,2023-05-08 17:00:54
37502000,0.0516,0,2023-05-08 17:00:54
37501000,0.135,0,2023-05-08 17:00:54
37518000,1.3539,1,2023-05-08 17:00:54
37523000,0.5352,1,2023-05-08 17:00:54
37524000,0.0552,1,2023-05-08 17:00:54
37526000,0.0057,1,2023-05-08 17:00:54
37529000,1.3021,1,2023-05-08 17:00:54
price,quantity,type,timestamp
37510000,0.0615,0,2023-05-08 17:00:56
37509000,0.0402,0,2023-05-08 17:00:56
37508000,0.1388,0,2023-05-08 17:00:56
37507000,0.0602,0,2023-05-08 17:00:56
37505000,0.0867,0,2023-05-08 17:00:56
37518000,1.2404,1,2023-05-08 17:00:56
37523000,0.449,1,2023-05-08 17:00:56
37524000,0.0552,1,2023-05-08 17:00:56
37526000,0.0057,1,2023-05-08 17:00:56
37529000,1.3021,1,2023-05-08 17:00:56
price,quantity,type,timestamp
37520000,0.0214,0,2023-05-08 17:00:57
37518000,0.2762,0,2023-05-08 17:00:57
37514000,0.0615,0,2023-05-08 17:00:57
37513000,0.0395,0,2023-05-08 17:00:57
37512000,0.0959,0,2023-05-08 17:00:57
37523000,0.3916,1,2023-05-08 17:00:57
37526000,0.0057,1,2023-05-08 17:00:57
37527000,1.302,1,2023-05-08 17:00:57
37529000,0.0001,1,2023-05-08 17:00:57
37532000,0.0816,1,2023-05-08 17:00:57
price,quantity,type,timestamp
37521000,0.0624,0,2023-05-08 17:00:59
37520000,0.0214,0,2023-05-08 17:00:59
37518000,0.3151,0,2023-05-08 17:00:59
37515000,0.0857,0,2023-05-08 17:00:59
37512000,0.0959,0,2023-05-08 17:00:59
37523000,0.2781,1,2023-05-08 17:00:59
37526000,0.0057,1,2023-05-08 17:00:59
37527000,1.302,1,2023-05-08 17:00:59
37529000,0.0001,1,2023-05-08 17:00:59
37530000,0.0561,1,2023-05-08 17:00:59
price,quantity,type,timestamp
37511000,0.0632,0,2023-05-08 17:01:01
37508000,0.0492,0,2023-05-08 17:01:01
37505000,0.1285,0,2023-05-08 17:01:01
37502000,0.0516,0,2023-05-08 17:01:01
37501000,0.0461,0,2023-05-08 17:01:01
37519000,0.0849,1,2023-05-08 17:01:01
37520000,0.0602,1,2023-05-08 17:01:01
37521000,0.0239,1,2023-05-08 17:01:01
37522000,0.147,1,2023-05-08 17:01:01
37523000,0.3199,1,2023-05-08 17:01:01
price,quantity,type,timestamp
37513000,0.0631,0,2023-05-08 17:01:03
37508000,0.0157,0,2023-05-08 17:01:03
37507000,0.1475,0,2023-05-08 17:01:03
37505000,0.1285,0,2023-05-08 17:01:03
37502000,0.0516,0,2023-05-08 17:01:03
37521000,0.0704,1,2023-05-08 17:01:03
37522000,0.0632,1,2023-05-08 17:01:03
37523000,0.3685,1,2023-05-08 17:01:03
37524000,0.0053,1,2023-05-08 17:01:03
37525000,0.0555,1,2023-05-08 17:01:03
price,quantity,type,timestamp
37510000,0.0636,0,2023-05-08 17:01:05
37508000,0.0248,0,2023-05-08 17:01:05
37505000,0.1285,0,2023-05-08 17:01:05
37502000,0.0516,0,2023-05-08 17:01:05
37501000,0.0461,0,2023-05-08 17:01:05
37521000,0.1595,1,2023-05-08 17:01:05
37522000,0.0632,1,2023-05-08 17:01:05
37523000,0.3685,1,2023-05-08 17:01:05
37524000,0.0053,1,2023-05-08 17:01:05
37525000,0.0555,1,2023-05-08 17:01:05
price,quantity,type,timestamp
37516000,0.0635,0,2023-05-08 17:01:07
37514000,0.0397,0,2023-05-08 17:01:07
37512000,0.0866,0,2023-05-08 17:01:07
37511000,0.0481,0,2023-05-08 17:01:07
37509000,0.0858,0,2023-05-08 17:01:07
37521000,0.0854,1,2023-05-08 17:01:07
37522000,0.0632,1,2023-05-08 17:01:07
37523000,0.3199,1,2023-05-08 17:01:07
37525000,0.0555,1,2023-05-08 17:01:07
37529000,0.0854,1,2023-05-08 17:01:07
price,quantity,type,timestamp
37513000,0.0622,0,2023-05-08 17:01:09
37512000,0.0382,0,2023-05-08 17:01:09
37511000,0.0481,0,2023-05-08 17:01:09
37509000,0.0858,0,2023-05-08 17:01:09
37508000,0.0248,0,2023-05-08 17:01:09
37521000,0.0854,1,2023-05-08 17:01:09
37522000,0.0632,1,2023-05-08 17:01:09
37523000,0.3199,1,2023-05-08 17:01:09
37525000,0.0555,1,2023-05-08 17:01:09
37526000,0.0831,1,2023-05-08 17:01:09
price,quantity,type,timestamp
37513000,0.0622,0,2023-05-08 17:01:11
37512000,0.0382,0,2023-05-08 17:01:11
37511000,0.0481,0,2023-05-08 17:01:11
37509000,0.0858,0,2023-05-08 17:01:11
37508000,0.0248,0,2023-05-08 17:01:11
37521000,0.0854,1,2023-05-08 17:01:11
37522000,0.0632,1,2023-05-08 17:01:11
37523000,0.3199,1,2023-05-08 17:01:11
37525000,0.0555,1,2023-05-08 17:01:11
37526000,0.0831,1,2023-05-08 17:01:11
price,quantity,type,timestamp
37514000,0.063,0,2023-05-08 17:01:13
37512000,0.0382,0,2023-05-08 17:01:13
37511000,0.0481,0,2023-05-08 17:01:13
37509000,0.0858,0,2023-05-08 17:01:13
37508000,0.0248,0,2023-05-08 17:01:13
37521000,0.0666,1,2023-05-08 17:01:13
37522000,0.0632,1,2023-05-08 17:01:13
37523000,0.3199,1,2023-05-08 17:01:13
37525000,0.0555,1,2023-05-08 17:01:13
37526000,0.0831,1,2023-05-08 17:01:13
price,quantity,type,timestamp
37517000,0.0627,0,2023-05-08 17:01:15
37515000,0.04,0,2023-05-08 17:01:15
37512000,0.0846,0,2023-05-08 17:01:15
37511000,0.0481,0,2023-05-08 17:01:15
37509000,0.0858,0,2023-05-08 17:01:15
37521000,0.015,1,2023-05-08 17:01:15
37523000,0.2625,1,2023-05-08 17:01:15
37525000,0.0555,1,2023-05-08 17:01:15
37529000,0.0854,1,2023-05-08 17:01:15
37530000,0.11,1,2023-05-08 17:01:15
price,quantity,type,timestamp
37527000,0.0588,0,2023-05-08 17:01:17
37525000,0.0376,0,2023-05-08 17:01:17
37523000,0.241,0,2023-05-08 17:01:17
37522000,0.015,0,2023-05-08 17:01:17
37521000,0.0854,0,2023-05-08 17:01:17
37529000,0.0001,1,2023-05-08 17:01:17
37530000,0.0561,1,2023-05-08 17:01:17
37531000,0.0154,1,2023-05-08 17:01:17
37534000,0.0054,1,2023-05-08 17:01:17
37535000,0.0563,1,2023-05-08 17:01:17
price,quantity,type,timestamp
37523000,0.112,0,2023-05-08 17:01:19
37517000,0.0872,0,2023-05-08 17:01:19
37516000,0.0561,0,2023-05-08 17:01:19
37514000,0.0895,0,2023-05-08 17:01:19
37512000,0.0846,0,2023-05-08 17:01:19
37530000,0.0348,1,2023-05-08 17:01:19
37531000,0.0154,1,2023-05-08 17:01:19
37534000,0.0054,1,2023-05-08 17:01:19
37535000,0.1448,1,2023-05-08 17:01:19
37537000,0.0846,1,2023-05-08 17:01:19
price,quantity,type,timestamp
37523000,0.0686,0,2023-05-08 17:01:21
37522000,0.0402,0,2023-05-08 17:01:21
37520000,0.0841,0,2023-05-08 17:01:21
37517000,0.0872,0,2023-05-08 17:01:21
37516000,0.0561,0,2023-05-08 17:01:21
37530000,0.0348,1,2023-05-08 17:01:21
37531000,0.0154,1,2023-05-08 17:01:21
37534000,0.0054,1,2023-05-08 17:01:21
37535000,0.1448,1,2023-05-08 17:01:21
37537000,0.0846,1,2023-05-08 17:01:21
price,quantity,type,timestamp
37523000,0.0612,0,2023-05-08 17:01:23
37522000,0.1289,0,2023-05-08 17:01:23
37517000,0.0872,0,2023-05-08 17:01:23
37516000,0.0561,0,2023-05-08 17:01:23
37514000,0.0895,0,2023-05-08 17:01:23
37530000,0.0348,1,2023-05-08 17:01:23
37531000,0.0154,1,2023-05-08 17:01:23
37534000,0.0054,1,2023-05-08 17:01:23
37535000,0.0563,1,2023-05-08 17:01:23
37537000,0.0846,1,2023-05-08 17:01:23
price,quantity,type,timestamp
37527000,0.0093,0,2023-05-08 17:01:25
37526000,0.0498,0,2023-05-08 17:01:25
37525000,0.0388,0,2023-05-08 17:01:25
37523000,0.0433,0,2023-05-08 17:01:25
37522000,0.0887,0,2023-05-08 17:01:25
37534000,0.0054,1,2023-05-08 17:01:25
37535000,0.0563,1,2023-05-08 17:01:25
37537000,0.0846,1,2023-05-08 17:01:25
37539000,0.0728,1,2023-05-08 17:01:25
37540000,0.0415,1,2023-05-08 17:01:25
price,quantity,type,timestamp
37533000,0.0396,0,2023-05-08 17:01:28
37531000,0.0612,0,2023-05-08 17:01:28
37529000,0.0898,0,2023-05-08 17:01:28
37528000,0.0508,0,2023-05-08 17:01:28
37527000,0.0065,0,2023-05-08 17:01:28
37539000,0.0161,1,2023-05-08 17:01:28
37545000,0.0878,1,2023-05-08 17:01:28
37546000,0.0619,1,2023-05-08 17:01:28
37548000,0.1625,1,2023-05-08 17:01:28
37550000,0.0092,1,2023-05-08 17:01:28
price,quantity,type,timestamp
37528000,0.0388,0,2023-05-08 17:01:30
37526000,0.0502,0,2023-05-08 17:01:30
37525000,0.0866,0,2023-05-08 17:01:30
37523000,0.0433,0,2023-05-08 17:01:30
37522000,0.0887,0,2023-05-08 17:01:30
37541000,0.0152,1,2023-05-08 17:01:30
37542000,0.0894,1,2023-05-08 17:01:30
37545000,0.0878,1,2023-05-08 17:01:30
37546000,0.0619,1,2023-05-08 17:01:30
37548000,0.1018,1,2023-05-08 17:01:30
price,quantity,type,timestamp
37536000,0.0961,0,2023-05-08 17:01:32
37528000,0.0388,0,2023-05-08 17:01:32
37526000,0.0502,0,2023-05-08 17:01:32
37525000,0.0866,0,2023-05-08 17:01:32
37523000,0.0433,0,2023-05-08 17:01:32
37541000,0.0152,1,2023-05-08 17:01:32
37542000,0.0894,1,2023-05-08 17:01:32
37545000,0.0878,1,2023-05-08 17:01:32
37546000,0.0619,1,2023-05-08 17:01:32
37548000,0.1018,1,2023-05-08 17:01:32
price,quantity,type,timestamp
37536000,0.0961,0,2023-05-08 17:01:34
37528000,0.0388,0,2023-05-08 17:01:34
37526000,0.0502,0,2023-05-08 17:01:34
37525000,0.0866,0,2023-05-08 17:01:34
37523000,0.0433,0,2023-05-08 17:01:34
37541000,0.0152,1,2023-05-08 17:01:34
37542000,0.0894,1,2023-05-08 17:01:34
37545000,0.0878,1,2023-05-08 17:01:34
37546000,0.0619,1,2023-05-08 17:01:34
37548000,0.1018,1,2023-05-08 17:01:34
price,quantity,type,timestamp
37529000,0.0014,0,2023-05-08 17:01:36
37527000,0.0693,0,2023-05-08 17:01:36
37526000,1.1763,0,2023-05-08 17:01:36
37523000,0.1222,0,2023-05-08 17:01:36
37521000,0.0858,0,2023-05-08 17:01:36
37539000,0.1075,1,2023-05-08 17:01:36
37541000,0.0152,1,2023-05-08 17:01:36
37542000,0.0894,1,2023-05-08 17:01:36
37544000,0.0367,1,2023-05-08 17:01:36
37545000,0.0878,1,2023-05-08 17:01:36
price,quantity,type,timestamp
37529000,0.0014,0,2023-05-08 17:01:38
37527000,0.0693,0,2023-05-08 17:01:38
37526000,1.1763,0,2023-05-08 17:01:38
37523000,0.1822,0,2023-05-08 17:01:38
37521000,0.0858,0,2023-05-08 17:01:38
37539000,0.1075,1,2023-05-08 17:01:38
37541000,0.0152,1,2023-05-08 17:01:38
37542000,0.0894,1,2023-05-08 17:01:38
37544000,0.0367,1,2023-05-08 17:01:38
37545000,0.0878,1,2023-05-08 17:01:38
price,quantity,type,timestamp
37529000,0.0014,0,2023-05-08 17:01:40
37527000,0.0693,0,2023-05-08 17:01:40
37526000,1.1763,0,2023-05-08 17:01:40
37523000,0.1822,0,2023-05-08 17:01:40
37521000,0.1458,0,2023-05-08 17:01:40
37539000,0.1075,1,2023-05-08 17:01:40
37541000,0.0152,1,2023-05-08 17:01:40
37542000,0.0894,1,2023-05-08 17:01:40
37544000,0.0367,1,2023-05-08 17:01:40
37545000,0.0878,1,2023-05-08 17:01:40
price,quantity,type,timestamp
37526000,0.0888,0,2023-05-08 17:01:42
37523000,0.1222,0,2023-05-08 17:01:42
37521000,0.1329,0,2023-05-08 17:01:42
37519000,0.0577,0,2023-05-08 17:01:42
37518000,0.0679,0,2023-05-08 17:01:42
37539000,0.1075,1,2023-05-08 17:01:42
37541000,0.0152,1,2023-05-08 17:01:42
37542000,0.0894,1,2023-05-08 17:01:42
37544000,0.0367,1,2023-05-08 17:01:42
37545000,0.0878,1,2023-05-08 17:01:42
price,quantity,type,timestamp
37526000,0.0888,0,2023-05-08 17:01:44
37523000,0.1222,0,2023-05-08 17:01:44
37521000,0.1329,0,2023-05-08 17:01:44
37519000,0.0577,0,2023-05-08 17:01:44
37518000,0.0079,0,2023-05-08 17:01:44
37539000,0.1075,1,2023-05-08 17:01:44
37541000,0.0152,1,2023-05-08 17:01:44
37542000,0.0894,1,2023-05-08 17:01:44
37544000,0.0367,1,2023-05-08 17:01:44
37545000,0.0878,1,2023-05-08 17:01:44
price,quantity,type,timestamp
37527000,0.0085,0,2023-05-08 17:01:46
37526000,0.0888,0,2023-05-08 17:01:46
37523000,0.1222,0,2023-05-08 17:01:46
37521000,0.1329,0,2023-05-08 17:01:46
37519000,0.0577,0,2023-05-08 17:01:46
37539000,0.1075,1,2023-05-08 17:01:46
37541000,0.0152,1,2023-05-08 17:01:46
37542000,0.0894,1,2023-05-08 17:01:46
37544000,0.0367,1,2023-05-08 17:01:46
37545000,0.0878,1,2023-05-08 17:01:46
price,quantity,type,timestamp
37523000,0.032,0,2023-05-08 17:01:49
37522000,0.0382,0,2023-05-08 17:01:49
37521000,0.0471,0,2023-05-08 17:01:49
37519000,0.0577,0,2023-05-08 17:01:49
37518000,0.0079,0,2023-05-08 17:01:49
37537000,0.0839,1,2023-05-08 17:01:49
37539000,0.1075,1,2023-05-08 17:01:49
37541000,0.0886,1,2023-05-08 17:01:49
37542000,0.0894,1,2023-05-08 17:01:49
37544000,0.0367,1,2023-05-08 17:01:49
price,quantity,type,timestamp
37523000,0.0451,0,2023-05-08 17:01:51
37522000,0.0382,0,2023-05-08 17:01:51
37521000,0.0471,0,2023-05-08 17:01:51
37519000,0.0669,0,2023-05-08 17:01:51
37517000,0.0872,0,2023-05-08 17:01:51
37537000,0.0839,1,2023-05-08 17:01:51
37539000,0.1075,1,2023-05-08 17:01:51
37541000,0.0152,1,2023-05-08 17:01:51
37542000,0.0987,1,2023-05-08 17:01:51
37544000,0.0367,1,2023-05-08 17:01:51
price,quantity,type,timestamp
37525000,0.0409,0,2023-05-08 17:01:53
37523000,0.0451,0,2023-05-08 17:01:53
37521000,0.1312,0,2023-05-08 17:01:53
37519000,0.1534,0,2023-05-08 17:01:53
37517000,0.0872,0,2023-05-08 17:01:53
37539000,0.1075,1,2023-05-08 17:01:53
37541000,0.0152,1,2023-05-08 17:01:53
37542000,0.0894,1,2023-05-08 17:01:53
37544000,0.1017,1,2023-05-08 17:01:53
37545000,0.0878,1,2023-05-08 17:01:53
price,quantity,type,timestamp
37523000,0.0852,0,2023-05-08 17:01:55
37521000,0.0471,0,2023-05-08 17:01:55
37519000,0.1442,0,2023-05-08 17:01:55
37517000,0.0955,0,2023-05-08 17:01:55
37516000,0.0561,0,2023-05-08 17:01:55
37535000,2.0,1,2023-05-08 17:01:55
37538000,0.0875,1,2023-05-08 17:01:55
37539000,0.1075,1,2023-05-08 17:01:55
37541000,0.087,1,2023-05-08 17:01:55
37542000,0.0894,1,2023-05-08 17:01:55
price,quantity,type,timestamp
37523000,0.0852,0,2023-05-08 17:01:57
37521000,0.0471,0,2023-05-08 17:01:57
37519000,0.0577,0,2023-05-08 17:01:57
37517000,0.0955,0,2023-05-08 17:01:57
37516000,0.0561,0,2023-05-08 17:01:57
37534000,0.0863,1,2023-05-08 17:01:57
37535000,2.0,1,2023-05-08 17:01:57
37538000,0.0875,1,2023-05-08 17:01:57
37539000,0.1075,1,2023-05-08 17:01:57
37541000,0.087,1,2023-05-08 17:01:57
price,quantity,type,timestamp
37525000,0.0379,0,2023-05-08 17:01:59
37523000,0.0451,0,2023-05-08 17:01:59
37521000,0.0471,0,2023-05-08 17:01:59
37519000,0.0577,0,2023-05-08 17:01:59
37517000,0.0955,0,2023-05-08 17:01:59
37534000,0.0863,1,2023-05-08 17:01:59
37535000,2.0,1,2023-05-08 17:01:59
37538000,0.0875,1,2023-05-08 17:01:59
37539000,0.1075,1,2023-05-08 17:01:59
37541000,0.023,1,2023-05-08 17:01:59
price,quantity,type,timestamp
37523000,0.0451,0,2023-05-08 17:02:01
37519000,0.0577,0,2023-05-08 17:02:01
37516000,0.0948,0,2023-05-08 17:02:01
37512000,0.0432,0,2023-05-08 17:02:01
37510000,0.0526,0,2023-05-08 17:02:01
37533000,0.1036,1,2023-05-08 17:02:01
37534000,0.0889,1,2023-05-08 17:02:01
37535000,2.0,1,2023-05-08 17:02:01
37537000,0.1212,1,2023-05-08 17:02:01
37538000,0.0875,1,2023-05-08 17:02:01
price,quantity,type,timestamp
37523000,0.0061,0,2023-05-08 17:02:03
37510000,0.002,0,2023-05-08 17:02:03
37509000,0.0386,0,2023-05-08 17:02:03
37508000,0.0554,0,2023-05-08 17:02:03
37506000,0.0899,0,2023-05-08 17:02:03
37526000,0.0159,1,2023-05-08 17:02:03
37527000,0.0846,1,2023-05-08 17:02:03
37528000,0.0895,1,2023-05-08 17:02:03
37529000,0.0606,1,2023-05-08 17:02:03
37530000,0.159,1,2023-05-08 17:02:03
price,quantity,type,timestamp
37527000,0.0212,0,2023-05-08 17:02:05
37524000,0.0772,0,2023-05-08 17:02:05
37523000,0.0061,0,2023-05-08 17:02:05
37522000,0.1238,0,2023-05-08 17:02:05
37519000,0.0835,0,2023-05-08 17:02:05
37530000,0.0426,1,2023-05-08 17:02:05
37531000,0.005,1,2023-05-08 17:02:05
37533000,0.0152,1,2023-05-08 17:02:05
37535000,2.0481,1,2023-05-08 17:02:05
37537000,0.0566,1,2023-05-08 17:02:05
price,quantity,type,timestamp
37529000,0.0394,0,2023-05-08 17:02:07
37527000,0.0212,0,2023-05-08 17:02:07
37525000,0.0844,0,2023-05-08 17:02:07
37524000,0.0933,0,2023-05-08 17:02:07
37523000,0.0061,0,2023-05-08 17:02:07
37535000,1.883,1,2023-05-08 17:02:07
37539000,0.0529,1,2023-05-08 17:02:07
37541000,0.0898,1,2023-05-08 17:02:07
37544000,0.0323,1,2023-05-08 17:02:07
37546000,0.091,1,2023-05-08 17:02:07
price,quantity,type,timestamp
37529000,0.0394,0,2023-05-08 17:02:09
37527000,0.0212,0,2023-05-08 17:02:09
37525000,0.0844,0,2023-05-08 17:02:09
37524000,0.0772,0,2023-05-08 17:02:09
37523000,0.0061,0,2023-05-08 17:02:09
37535000,1.6186,1,2023-05-08 17:02:09
37539000,0.0529,1,2023-05-08 17:02:09
37541000,0.0158,1,2023-05-08 17:02:09
37544000,0.0323,1,2023-05-08 17:02:09
37546000,0.1499,1,2023-05-08 17:02:09
price,quantity,type,timestamp
37529000,0.0827,0,2023-05-08 17:02:11
37527000,0.0212,0,2023-05-08 17:02:11
37525000,0.0844,0,2023-05-08 17:02:11
37523000,0.0061,0,2023-05-08 17:02:11
37522000,0.0844,0,2023-05-08 17:02:11
37535000,1.6186,1,2023-05-08 17:02:11
37539000,0.0529,1,2023-05-08 17:02:11
37540000,0.0837,1,2023-05-08 17:02:11
37541000,0.0158,1,2023-05-08 17:02:11
37543000,0.0864,1,2023-05-08 17:02:11
price,quantity,type,timestamp
37529000,0.0827,0,2023-05-08 17:02:13
37527000,0.0212,0,2023-05-08 17:02:13
37523000,0.0061,0,2023-05-08 17:02:13
37522000,0.0844,0,2023-05-08 17:02:13
37521000,0.0534,0,2023-05-08 17:02:13
37535000,1.6186,1,2023-05-08 17:02:13
37539000,0.0529,1,2023-05-08 17:02:13
37540000,0.0837,1,2023-05-08 17:02:13
37541000,0.0158,1,2023-05-08 17:02:13
37543000,0.0864,1,2023-05-08 17:02:13
price,quantity,type,timestamp
37529000,0.0537,0,2023-05-08 17:02:16
37527000,0.0212,0,2023-05-08 17:02:16
37523000,0.0061,0,2023-05-08 17:02:16
37522000,0.0844,0,2023-05-08 17:02:16
37519000,0.0835,0,2023-05-08 17:02:16
37535000,1.6186,1,2023-05-08 17:02:16
37539000,0.0529,1,2023-05-08 17:02:16
37540000,0.0837,1,2023-05-08 17:02:16
37541000,0.0158,1,2023-05-08 17:02:16
37543000,0.0864,1,2023-05-08 17:02:16
price,quantity,type,timestamp
37530000,0.0039,0,2023-05-08 17:02:18
37529000,0.0433,0,2023-05-08 17:02:18
37527000,0.0212,0,2023-05-08 17:02:18
37525000,0.0383,0,2023-05-08 17:02:18
37523000,0.0061,0,2023-05-08 17:02:18
37535000,1.6186,1,2023-05-08 17:02:18
37537000,0.0853,1,2023-05-08 17:02:18
37538000,0.0054,1,2023-05-08 17:02:18
37539000,0.0529,1,2023-05-08 17:02:18
37540000,0.0837,1,2023-05-08 17:02:18
price,quantity,type,timestamp
37530000,0.0039,0,2023-05-08 17:02:20
37529000,0.0433,0,2023-05-08 17:02:20
37527000,0.0212,0,2023-05-08 17:02:20
37525000,0.0383,0,2023-05-08 17:02:20
37523000,0.0061,0,2023-05-08 17:02:20
37535000,1.6186,1,2023-05-08 17:02:20
37537000,0.0853,1,2023-05-08 17:02:20
37538000,0.0054,1,2023-05-08 17:02:20
37539000,0.0529,1,2023-05-08 17:02:20
37540000,0.0837,1,2023-05-08 17:02:20
price,quantity,type,timestamp
37529000,0.072,0,2023-05-08 17:02:22
37527000,0.0212,0,2023-05-08 17:02:22
37524000,0.0831,0,2023-05-08 17:02:22
37523000,0.0061,0,2023-05-08 17:02:22
37522000,0.0433,0,2023-05-08 17:02:22
37535000,1.6186,1,2023-05-08 17:02:22
37538000,0.0054,1,2023-05-08 17:02:22
37539000,0.0452,1,2023-05-08 17:02:22
37540000,0.0837,1,2023-05-08 17:02:22
37541000,0.0158,1,2023-05-08 17:02:22
price,quantity,type,timestamp
37529000,0.072,0,2023-05-08 17:02:24
37527000,0.0212,0,2023-05-08 17:02:24
37524000,0.0831,0,2023-05-08 17:02:24
37523000,0.0061,0,2023-05-08 17:02:24
37522000,0.0433,0,2023-05-08 17:02:24
37535000,1.6186,1,2023-05-08 17:02:24
37538000,0.0054,1,2023-05-08 17:02:24
37539000,0.0452,1,2023-05-08 17:02:24
37540000,0.0837,1,2023-05-08 17:02:24
37541000,0.0158,1,2023-05-08 17:02:24
price,quantity,type,timestamp
37530000,0.0133,0,2023-05-08 17:02:26
37529000,0.072,0,2023-05-08 17:02:26
37527000,0.0212,0,2023-05-08 17:02:26
37524000,0.0831,0,2023-05-08 17:02:26
37523000,0.0113,0,2023-05-08 17:02:26
37535000,1.6186,1,2023-05-08 17:02:26
37538000,0.0054,1,2023-05-08 17:02:26
37539000,0.0452,1,2023-05-08 17:02:26
37540000,0.0921,1,2023-05-08 17:02:26
37541000,0.0158,1,2023-05-08 17:02:26
price,quantity,type,timestamp
37530000,0.0133,0,2023-05-08 17:02:29
37529000,0.0317,0,2023-05-08 17:02:29
37527000,0.0212,0,2023-05-08 17:02:29
37523000,0.0061,0,2023-05-08 17:02:29
37522000,0.0433,0,2023-05-08 17:02:29
37535000,1.6186,1,2023-05-08 17:02:29
37537000,0.0855,1,2023-05-08 17:02:29
37538000,0.0054,1,2023-05-08 17:02:29
37539000,0.0452,1,2023-05-08 17:02:29
37540000,0.0921,1,2023-05-08 17:02:29
price,quantity,type,timestamp
37523000,0.0061,0,2023-05-08 17:02:31
37522000,0.0403,0,2023-05-08 17:02:31
37519000,0.0985,0,2023-05-08 17:02:31
37518000,0.0136,0,2023-05-08 17:02:31
37516000,0.0891,0,2023-05-08 17:02:31
37529000,0.0029,1,2023-05-08 17:02:31
37534000,0.0837,1,2023-05-08 17:02:31
37535000,1.6186,1,2023-05-08 17:02:31
37537000,0.0855,1,2023-05-08 17:02:31
37538000,0.0054,1,2023-05-08 17:02:31
price,quantity,type,timestamp
37529000,0.0237,0,2023-05-08 17:02:33
37527000,0.0381,0,2023-05-08 17:02:33
37523000,0.0061,0,2023-05-08 17:02:33
37522000,0.1901,0,2023-05-08 17:02:33
37519000,0.0985,0,2023-05-08 17:02:33
37535000,1.6186,1,2023-05-08 17:02:33
37538000,0.0054,1,2023-05-08 17:02:33
37539000,0.0952,1,2023-05-08 17:02:33
37540000,0.0837,1,2023-05-08 17:02:33
37541000,0.0158,1,2023-05-08 17:02:33
price,quantity,type,timestamp
37529000,0.0237,0,2023-05-08 17:02:35
37527000,0.0381,0,2023-05-08 17:02:35
37524000,0.0899,0,2023-05-08 17:02:35
37523000,0.0061,0,2023-05-08 17:02:35
37522000,0.138,0,2023-05-08 17:02:35
37535000,1.4079,1,2023-05-08 17:02:35
37538000,0.0054,1,2023-05-08 17:02:35
37539000,0.0952,1,2023-05-08 17:02:35
37540000,0.0837,1,2023-05-08 17:02:35
37541000,0.0158,1,2023-05-08 17:02:35
price,quantity,type,timestamp
37529000,0.0023,0,2023-05-08 17:02:37
37524000,1.064,0,2023-05-08 17:02:37
37523000,0.0061,0,2023-05-08 17:02:37
37522000,0.0482,0,2023-05-08 17:02:37
37519000,0.0985,0,2023-05-08 17:02:37
37533000,0.0089,1,2023-05-08 17:02:37
37535000,1.3841,1,2023-05-08 17:02:37
37537000,0.0854,1,2023-05-08 17:02:37
37538000,0.0054,1,2023-05-08 17:02:37
37539000,0.1041,1,2023-05-08 17:02:37
price,quantity,type,timestamp
37529000,0.0026,0,2023-05-08 17:02:39
37523000,0.0661,0,2023-05-08 17:02:39
37521000,0.0388,0,2023-05-08 17:02:39
37519000,0.0985,0,2023-05-08 17:02:39
37516000,0.0891,0,2023-05-08 17:02:39
37533000,0.0089,1,2023-05-08 17:02:39
37534000,0.0893,1,2023-05-08 17:02:39
37535000,1.4319,1,2023-05-08 17:02:39
37537000,0.0854,1,2023-05-08 17:02:39
37538000,0.0696,1,2023-05-08 17:02:39
price,quantity,type,timestamp
37529000,0.0026,0,2023-05-08 17:02:40
37523000,0.0061,0,2023-05-08 17:02:40
37521000,1.1028,0,2023-05-08 17:02:40
37519000,0.0985,0,2023-05-08 17:02:40
37516000,0.0891,0,2023-05-08 17:02:40
37533000,0.0089,1,2023-05-08 17:02:40
37534000,0.0893,1,2023-05-08 17:02:40
37535000,1.4319,1,2023-05-08 17:02:40
37537000,0.0854,1,2023-05-08 17:02:40
37538000,0.0696,1,2023-05-08 17:02:40
price,quantity,type,timestamp
37529000,0.0026,0,2023-05-08 17:02:42
37523000,0.0061,0,2023-05-08 17:02:42
37521000,1.1028,0,2023-05-08 17:02:42
37519000,0.0985,0,2023-05-08 17:02:42
37516000,0.0891,0,2023-05-08 17:02:42
37533000,0.0089,1,2023-05-08 17:02:42
37534000,0.0893,1,2023-05-08 17:02:42
37535000,1.4319,1,2023-05-08 17:02:42
37537000,0.0854,1,2023-05-08 17:02:42
37538000,0.0696,1,2023-05-08 17:02:42
price,quantity,type,timestamp
37525000,0.0001,0,2023-05-08 17:02:44
37523000,0.0061,0,2023-05-08 17:02:44
37510000,0.002,0,2023-05-08 17:02:44
37505000,0.051,0,2023-05-08 17:02:44
37503000,0.0806,0,2023-05-08 17:02:44
37526000,0.0937,1,2023-05-08 17:02:44
37527000,0.0233,1,2023-05-08 17:02:44
37528000,0.0477,1,2023-05-08 17:02:44
37530000,0.0894,1,2023-05-08 17:02:44
37531000,0.3057,1,2023-05-08 17:02:44
price,quantity,type,timestamp
37525000,0.0001,0,2023-05-08 17:02:45
37523000,0.0061,0,2023-05-08 17:02:45
37510000,0.0181,0,2023-05-08 17:02:45
37507000,0.0853,0,2023-05-08 17:02:45
37505000,0.051,0,2023-05-08 17:02:45
37526000,0.0837,1,2023-05-08 17:02:45
37527000,0.0878,1,2023-05-08 17:02:45
37528000,0.0477,1,2023-05-08 17:02:45
37530000,0.0894,1,2023-05-08 17:02:45
37531000,0.3057,1,2023-05-08 17:02:45
price,quantity,type,timestamp
37422000,0.008,0,2023-05-08 20:00:49
37421000,0.1499,0,2023-05-08 20:00:49
37418000,0.0155,0,2023-05-08 20:00:49
37417000,0.0837,0,2023-05-08 20:00:49
37415000,0.1365,0,2023-05-08 20:00:49
37428000,0.0704,1,2023-05-08 20:00:49
37429000,0.005,1,2023-05-08 20:00:49
37430000,0.8825,1,2023-05-08 20:00:49
37432000,0.0159,1,2023-05-08 20:00:49
37433000,0.0552,1,2023-05-08 20:00:49
price,quantity,type,timestamp
37419000,0.0644,0,2023-05-08 20:00:50
37418000,0.0155,0,2023-05-08 20:00:50
37417000,0.0837,0,2023-05-08 20:00:50
37415000,0.1365,0,2023-05-08 20:00:50
37414000,0.0091,0,2023-05-08 20:00:50
37428000,0.0704,1,2023-05-08 20:00:50
37429000,0.005,1,2023-05-08 20:00:50
37430000,0.8825,1,2023-05-08 20:00:50
37432000,0.0151,1,2023-05-08 20:00:50
37433000,0.0552,1,2023-05-08 20:00:50
price,quantity,type,timestamp
37418000,0.0155,0,2023-05-08 20:00:52
37417000,0.0837,0,2023-05-08 20:00:52
37415000,0.1365,0,2023-05-08 20:00:52
37414000,0.0091,0,2023-05-08 20:00:52
37413000,0.0849,0,2023-05-08 20:00:52
37428000,0.0704,1,2023-05-08 20:00:52
37429000,0.005,1,2023-05-08 20:00:52
37430000,0.8825,1,2023-05-08 20:00:52
37432000,0.0151,1,2023-05-08 20:00:52
37433000,0.0552,1,2023-05-08 20:00:52
price,quantity,type,timestamp
37418000,0.0155,0,2023-05-08 20:00:53
37417000,0.0837,0,2023-05-08 20:00:53
37415000,0.1365,0,2023-05-08 20:00:53
37414000,0.0091,0,2023-05-08 20:00:53
37413000,0.0849,0,2023-05-08 20:00:53
37428000,0.0704,1,2023-05-08 20:00:53
37429000,0.005,1,2023-05-08 20:00:53
37430000,0.8825,1,2023-05-08 20:00:53
37431000,0.0873,1,2023-05-08 20:00:53
37432000,0.0151,1,2023-05-08 20:00:53
price,quantity,type,timestamp
37418000,0.0155,0,2023-05-08 20:00:54
37417000,0.0837,0,2023-05-08 20:00:54
37415000,0.1365,0,2023-05-08 20:00:54
37414000,0.0091,0,2023-05-08 20:00:54
37413000,0.0849,0,2023-05-08 20:00:54
37428000,0.0704,1,2023-05-08 20:00:54
37429000,0.005,1,2023-05-08 20:00:54
37430000,0.8825,1,2023-05-08 20:00:54
37431000,0.0873,1,2023-05-08 20:00:54
37432000,0.0151,1,2023-05-08 20:00:54
price,quantity,type,timestamp
37418000,0.0155,0,2023-05-08 20:00:56
37417000,0.0837,0,2023-05-08 20:00:56
37415000,0.1365,0,2023-05-08 20:00:56
37414000,0.0091,0,2023-05-08 20:00:56
37413000,0.0849,0,2023-05-08 20:00:56
37428000,0.0704,1,2023-05-08 20:00:56
37429000,0.005,1,2023-05-08 20:00:56
37430000,0.8825,1,2023-05-08 20:00:56
37431000,0.0873,1,2023-05-08 20:00:56
37432000,0.0151,1,2023-05-08 20:00:56
price,quantity,type,timestamp
37418000,0.0155,0,2023-05-08 20:00:57
37417000,0.0837,0,2023-05-08 20:00:57
37415000,0.1365,0,2023-05-08 20:00:57
37414000,0.0091,0,2023-05-08 20:00:57
37413000,0.0849,0,2023-05-08 20:00:57
37428000,0.0704,1,2023-05-08 20:00:57
37429000,0.005,1,2023-05-08 20:00:57
37430000,0.8825,1,2023-05-08 20:00:57
37431000,0.0873,1,2023-05-08 20:00:57
37432000,0.0151,1,2023-05-08 20:00:57
price,quantity,type,timestamp
37429000,0.0214,0,2023-05-08 20:00:58
37428000,0.1133,0,2023-05-08 20:00:58
37426000,0.0876,0,2023-05-08 20:00:58
37423000,0.0417,0,2023-05-08 20:00:58
37422000,0.1488,0,2023-05-08 20:00:58
37430000,0.8825,1,2023-05-08 20:00:58
37432000,0.0151,1,2023-05-08 20:00:58
37437000,0.1058,1,2023-05-08 20:00:58
37440000,0.769,1,2023-05-08 20:00:58
37441000,1.3547,1,2023-05-08 20:00:58
price,quantity,type,timestamp
37429000,0.0214,0,2023-05-08 20:01:00
37428000,0.1133,0,2023-05-08 20:01:00
37426000,0.0876,0,2023-05-08 20:01:00
37423000,0.0417,0,2023-05-08 20:01:00
37422000,0.1488,0,2023-05-08 20:01:00
37430000,0.8825,1,2023-05-08 20:01:00
37432000,0.0151,1,2023-05-08 20:01:00
37437000,0.1058,1,2023-05-08 20:01:00
37440000,0.769,1,2023-05-08 20:01:00
37441000,0.0627,1,2023-05-08 20:01:00
price,quantity,type,timestamp
37429000,0.0214,0,2023-05-08 20:01:01
37428000,0.1133,0,2023-05-08 20:01:01
37426000,0.0876,0,2023-05-08 20:01:01
37423000,0.0417,0,2023-05-08 20:01:01
37422000,0.1488,0,2023-05-08 20:01:01
37430000,0.8825,1,2023-05-08 20:01:01
37432000,0.0151,1,2023-05-08 20:01:01
37437000,0.1058,1,2023-05-08 20:01:01
37440000,0.769,1,2023-05-08 20:01:01
37441000,0.0627,1,2023-05-08 20:01:01
price,quantity,type,timestamp
37428000,0.0743,0,2023-05-08 20:01:02
37426000,0.0876,0,2023-05-08 20:01:02
37423000,0.0572,0,2023-05-08 20:01:02
37422000,0.0862,0,2023-05-08 20:01:02
37420000,0.0967,0,2023-05-08 20:01:02
37430000,0.8013,1,2023-05-08 20:01:02
37432000,0.0151,1,2023-05-08 20:01:02
37437000,0.1058,1,2023-05-08 20:01:02
37440000,0.7768,1,2023-05-08 20:01:02
37441000,0.0627,1,2023-05-08 20:01:02
price,quantity,type,timestamp
37428000,0.0743,0,2023-05-08 20:01:04
37426000,0.0876,0,2023-05-08 20:01:04
37423000,0.0572,0,2023-05-08 20:01:04
37422000,0.0862,0,2023-05-08 20:01:04
37420000,0.0967,0,2023-05-08 20:01:04
37430000,0.8013,1,2023-05-08 20:01:04
37432000,0.0151,1,2023-05-08 20:01:04
37437000,0.1058,1,2023-05-08 20:01:04
37440000,0.7768,1,2023-05-08 20:01:04
37441000,0.0627,1,2023-05-08 20:01:04
price,quantity,type,timestamp
37428000,0.0743,0,2023-05-08 20:01:05
37423000,0.0572,0,2023-05-08 20:01:05
37422000,0.0862,0,2023-05-08 20:01:05
37420000,0.0967,0,2023-05-08 20:01:05
37419000,0.0578,0,2023-05-08 20:01:05
37430000,0.8013,1,2023-05-08 20:01:05
37432000,0.0151,1,2023-05-08 20:01:05
37437000,0.1903,1,2023-05-08 20:01:05
37440000,0.7768,1,2023-05-08 20:01:05
37441000,0.0627,1,2023-05-08 20:01:05
price,quantity,type,timestamp
37423000,0.0155,0,2023-05-08 20:01:06
37420000,0.1524,0,2023-05-08 20:01:06
37419000,0.0685,0,2023-05-08 20:01:06
37417000,0.0837,0,2023-05-08 20:01:06
37415000,1.3397,0,2023-05-08 20:01:06
37427000,0.0214,1,2023-05-08 20:01:06
37428000,0.0743,1,2023-05-08 20:01:06
37430000,0.8013,1,2023-05-08 20:01:06
37431000,0.0094,1,2023-05-08 20:01:06
37432000,0.0151,1,2023-05-08 20:01:06
price,quantity,type,timestamp
37419000,0.0685,0,2023-05-08 20:01:08
37417000,0.1475,0,2023-05-08 20:01:08
37415000,1.3397,0,2023-05-08 20:01:08
37414000,0.0091,0,2023-05-08 20:01:08
37413000,0.0849,0,2023-05-08 20:01:08
37427000,0.0756,1,2023-05-08 20:01:08
37428000,0.0743,1,2023-05-08 20:01:08
37430000,0.8859,1,2023-05-08 20:01:08
37431000,0.0094,1,2023-05-08 20:01:08
37432000,0.0151,1,2023-05-08 20:01:08
price,quantity,type,timestamp
37419000,0.0685,0,2023-05-08 20:01:09
37417000,0.1475,0,2023-05-08 20:01:09
37415000,0.0477,0,2023-05-08 20:01:09
37414000,0.0091,0,2023-05-08 20:01:09
37413000,0.0849,0,2023-05-08 20:01:09
37430000,0.7955,1,2023-05-08 20:01:09
37431000,0.0094,1,2023-05-08 20:01:09
37432000,0.0151,1,2023-05-08 20:01:09
37434000,0.148,1,2023-05-08 20:01:09
37435000,0.1378,1,2023-05-08 20:01:09
price,quantity,type,timestamp
37419000,0.0685,0,2023-05-08 20:01:10
37417000,0.1475,0,2023-05-08 20:01:10
37415000,0.0477,0,2023-05-08 20:01:10
37414000,0.0091,0,2023-05-08 20:01:10
37413000,0.0849,0,2023-05-08 20:01:10
37430000,0.7955,1,2023-05-08 20:01:10
37431000,0.0094,1,2023-05-08 20:01:10
37432000,0.0151,1,2023-05-08 20:01:10
37434000,0.148,1,2023-05-08 20:01:10
37435000,0.1378,1,2023-05-08 20:01:10
price,quantity,type,timestamp
37419000,0.0685,0,2023-05-08 20:01:12
37417000,0.1475,0,2023-05-08 20:01:12
37415000,0.0477,0,2023-05-08 20:01:12
37414000,0.0091,0,2023-05-08 20:01:12
37413000,0.0849,0,2023-05-08 20:01:12
37430000,0.7955,1,2023-05-08 20:01:12
37431000,0.0094,1,2023-05-08 20:01:12
37432000,0.0151,1,2023-05-08 20:01:12
37434000,0.148,1,2023-05-08 20:01:12
37435000,0.1378,1,2023-05-08 20:01:12
price,quantity,type,timestamp
37419000,0.054,0,2023-05-08 20:01:13
37417000,0.1475,0,2023-05-08 20:01:13
37415000,0.0477,0,2023-05-08 20:01:13
37414000,0.0091,0,2023-05-08 20:01:13
37413000,0.0849,0,2023-05-08 20:01:13
37430000,0.7955,1,2023-05-08 20:01:13
37431000,0.0942,1,2023-05-08 20:01:13
37432000,0.0151,1,2023-05-08 20:01:13
37434000,0.148,1,2023-05-08 20:01:13
37435000,0.1378,1,2023-05-08 20:01:13
price,quantity,type,timestamp
37419000,0.054,0,2023-05-08 20:01:15
37417000,0.1475,0,2023-05-08 20:01:15
37415000,0.0477,0,2023-05-08 20:01:15
37414000,0.0091,0,2023-05-08 20:01:15
37413000,0.0849,0,2023-05-08 20:01:15
37430000,0.7955,1,2023-05-08 20:01:15
37431000,0.0942,1,2023-05-08 20:01:15
37432000,0.0151,1,2023-05-08 20:01:15
37434000,0.148,1,2023-05-08 20:01:15
37435000,0.1378,1,2023-05-08 20:01:15
price,quantity,type,timestamp
37419000,0.054,0,2023-05-08 20:01:16
37417000,0.1475,0,2023-05-08 20:01:16
37415000,0.0477,0,2023-05-08 20:01:16
37414000,0.0091,0,2023-05-08 20:01:16
37413000,0.0849,0,2023-05-08 20:01:16
37430000,0.7955,1,2023-05-08 20:01:16
37431000,0.0942,1,2023-05-08 20:01:16
37432000,0.0151,1,2023-05-08 20:01:16
37434000,0.148,1,2023-05-08 20:01:16
37435000,0.1378,1,2023-05-08 20:01:16
price,quantity,type,timestamp
37419000,0.054,0,2023-05-08 20:01:18
37417000,0.1475,0,2023-05-08 20:01:18
